merchant_id,txn_month,total_revenue,txn_count,unique_customers,avg_order_value,prev_revenue,revenue_growth_rate,repeat_purchase_rate,merchant_name,industry,region,growth_type,estimated_ltv,cac_estimate,ltv_cac_ratio,anomaly_type,month_num,year,revenue_lag_1,revenue_lag_2,revenue_lag_3,revenue_rolling_mean_3,txn_rolling_mean_3,industry_encoded,region_encoded,growth_encoded,target_revenue_next
M0001,2023-01,3276597,102,99,32123.5,,,3.03,가맹점_1,음식점,부산,정체,397162.0,11565,34.34,정상,1,2023,,,,3276597.0,102.0,4,2,2,3007419.0
M0001,2023-02,3007419,93,93,32337.83870967742,3276597.0,-8.22,0.0,가맹점_1,음식점,부산,정체,388054.0,9496,40.86,정상,2,2023,3276597.0,,,3142008.0,97.5,4,2,2,2815296.0
M0001,2023-03,2815296,102,100,27600.941176470587,3007419.0,-6.39,2.0,가맹점_1,음식점,부산,정체,337836.0,17599,19.2,정상,3,2023,3007419.0,3276597.0,,3033104.0,99.0,4,2,2,2983393.0
M0001,2023-04,2983393,106,105,28145.216981132075,2815296.0,5.97,0.95,가맹점_1,음식점,부산,정체,340951.0,32521,10.48,정상,4,2023,2815296.0,3007419.0,3276597.0,2935369.3333333335,100.33333333333333,4,2,2,3481657.0
M0001,2023-05,3481657,115,115,30275.278260869567,2983393.0,16.7,0.0,가맹점_1,음식점,부산,정체,363303.0,20983,17.31,정상,5,2023,2983393.0,2815296.0,3007419.0,3093448.6666666665,107.66666666666667,4,2,2,3317005.0
M0001,2023-06,3317005,105,105,31590.52380952381,3481657.0,-4.73,0.0,가맹점_1,음식점,부산,정체,379086.0,18211,20.82,정상,6,2023,3481657.0,2983393.0,2815296.0,3260685.0,108.66666666666667,4,2,2,3264528.0
M0001,2023-07,3264528,116,116,28142.48275862069,3317005.0,-1.58,0.0,가맹점_1,음식점,부산,정체,337710.0,26518,12.74,정상,7,2023,3317005.0,3481657.0,2983393.0,3354396.6666666665,112.0,4,2,2,3446576.0
M0001,2023-08,3446576,116,116,29711.862068965518,3264528.0,5.58,0.0,가맹점_1,음식점,부산,정체,356542.0,12350,28.87,정상,8,2023,3264528.0,3317005.0,3481657.0,3342703.0,112.33333333333333,4,2,2,3273201.0
M0001,2023-09,3273201,109,109,30029.366972477063,3446576.0,-5.03,0.0,가맹점_1,음식점,부산,정체,360352.0,26735,13.48,정상,9,2023,3446576.0,3264528.0,3317005.0,3328101.6666666665,113.66666666666667,4,2,2,3431168.0
M0001,2023-10,3431168,110,110,31192.436363636363,3273201.0,4.83,0.0,가맹점_1,음식점,부산,정체,374309.0,18947,19.76,정상,10,2023,3273201.0,3446576.0,3264528.0,3383648.3333333335,111.66666666666667,4,2,2,4204209.0
M0001,2023-11,4204209,129,128,32590.767441860466,3431168.0,22.53,0.78,가맹점_1,음식점,부산,정체,394140.0,22184,17.77,정상,11,2023,3431168.0,3273201.0,3446576.0,3636192.6666666665,116.0,4,2,2,3317869.0
M0001,2023-12,3317869,115,112,28851.034782608695,4204209.0,-21.08,2.68,가맹점_1,음식점,부산,정체,355491.0,18442,19.28,정상,12,2023,4204209.0,3431168.0,3273201.0,3651082.0,118.0,4,2,2,2895427.0
M0001,2024-01,2895427,91,89,31817.879120879123,3317869.0,-12.73,2.25,가맹점_1,음식점,부산,정체,390405.0,20829,18.74,정상,1,2024,3317869.0,4204209.0,3431168.0,3472501.6666666665,111.66666666666667,4,2,2,3263646.0
M0001,2024-02,3263646,100,100,32636.46,2895427.0,12.72,0.0,가맹점_1,음식점,부산,정체,391638.0,20615,19.0,정상,2,2024,2895427.0,3317869.0,4204209.0,3158980.6666666665,102.0,4,2,2,3206493.0
M0001,2024-03,3206493,106,106,30249.93396226415,3263646.0,-1.75,0.0,가맹점_1,음식점,부산,정체,362999.0,12886,28.17,정상,3,2024,3263646.0,2895427.0,3317869.0,3121855.3333333335,99.0,4,2,2,2883589.0
M0001,2024-04,2883589,101,101,28550.38613861386,3206493.0,-10.07,0.0,가맹점_1,음식점,부산,정체,342605.0,31454,10.89,정상,4,2024,3206493.0,3263646.0,2895427.0,3117909.3333333335,102.33333333333333,4,2,2,3214525.0
M0001,2024-05,3214525,113,110,28447.12389380531,2883589.0,11.48,2.73,가맹점_1,음식점,부산,정체,350685.0,17613,19.91,정상,5,2024,2883589.0,3206493.0,3263646.0,3101535.6666666665,106.66666666666667,4,2,2,3286173.0
M0001,2024-06,3286173,108,106,30427.527777777777,3214525.0,2.23,1.89,가맹점_1,음식점,부산,정체,372031.0,34683,10.73,정상,6,2024,3214525.0,2883589.0,3206493.0,3128095.6666666665,107.33333333333333,4,2,2,3385914.0
M0001,2024-07,3385914,118,116,28694.186440677968,3286173.0,3.04,1.72,가맹점_1,음식점,부산,정체,350253.0,23298,15.03,정상,7,2024,3286173.0,3214525.0,2883589.0,3295537.3333333335,113.0,4,2,2,3259253.0
M0001,2024-08,3259253,109,109,29901.403669724772,3385914.0,-3.74,0.0,가맹점_1,음식점,부산,정체,358817.0,15520,23.12,정상,8,2024,3385914.0,3286173.0,3214525.0,3310446.6666666665,111.66666666666667,4,2,2,3210967.0
M0001,2024-09,3210967,107,107,30009.03738317757,3259253.0,-1.48,0.0,가맹점_1,음식점,부산,정체,360108.0,14613,24.64,정상,9,2024,3259253.0,3385914.0,3286173.0,3285378.0,111.33333333333333,4,2,2,3424303.0
M0001,2024-10,3424303,114,114,30037.745614035088,3210967.0,6.64,0.0,가맹점_1,음식점,부산,정체,360453.0,34487,10.45,정상,10,2024,3210967.0,3259253.0,3385914.0,3298174.3333333335,110.0,4,2,2,3958003.0
M0001,2024-11,3958003,118,118,33542.398305084746,3424303.0,15.59,0.0,가맹점_1,음식점,부산,정체,402509.0,19396,20.75,정상,11,2024,3424303.0,3210967.0,3259253.0,3531091.0,113.0,4,2,2,3906217.0
M0001,2024-12,3906217,129,126,30280.751937984496,3958003.0,-1.31,2.38,가맹점_1,음식점,부산,정체,372017.0,34540,10.77,정상,12,2024,3958003.0,3424303.0,3210967.0,3762841.0,120.33333333333333,4,2,2,3057536.0
M0001,2025-01,3057536,99,99,30884.20202020202,3906217.0,-21.73,0.0,가맹점_1,음식점,부산,정체,370610.0,11356,32.64,정상,1,2025,3906217.0,3958003.0,3424303.0,3640585.3333333335,115.33333333333333,4,2,2,2328754.0
M0001,2025-02,2328754,83,83,28057.277108433736,3057536.0,-23.84,0.0,가맹점_1,음식점,부산,정체,336687.0,13059,25.78,정상,2,2025,3057536.0,3906217.0,3958003.0,3097502.3333333335,103.66666666666667,4,2,2,3312909.0
M0001,2025-03,3312909,113,112,29317.778761061945,2328754.0,42.26,0.89,가맹점_1,음식점,부산,정체,354944.0,13155,26.98,정상,3,2025,2328754.0,3057536.0,3906217.0,2899733.0,98.33333333333333,4,2,2,2791264.0
M0001,2025-04,2791264,97,95,28775.917525773195,3312909.0,-15.75,2.11,가맹점_1,음식점,부산,정체,352597.0,20773,16.97,정상,4,2025,3312909.0,2328754.0,3057536.0,2810975.6666666665,97.66666666666667,4,2,2,2998980.0
M0001,2025-05,2998980,110,108,27263.454545454544,2791264.0,7.44,1.85,가맹점_1,음식점,부산,정체,333214.0,22928,14.53,정상,5,2025,2791264.0,3312909.0,2328754.0,3034384.3333333335,106.66666666666667,4,2,2,3566322.0
M0001,2025-06,3566322,120,120,29719.35,2998980.0,18.92,0.0,가맹점_1,음식점,부산,정체,356632.0,27245,13.09,정상,6,2025,2998980.0,2791264.0,3312909.0,3118855.3333333335,109.0,4,2,2,3634947.0
M0001,2025-07,3634947,119,119,30545.7731092437,3566322.0,1.92,0.0,가맹점_1,음식점,부산,정체,366549.0,29256,12.53,정상,7,2025,3566322.0,2998980.0,2791264.0,3400083.0,116.33333333333333,4,2,2,3002257.0
M0001,2025-08,3002257,102,102,29433.892156862745,3634947.0,-17.41,0.0,가맹점_1,음식점,부산,정체,353207.0,19718,17.91,정상,8,2025,3634947.0,3566322.0,2998980.0,3401175.3333333335,113.66666666666667,4,2,2,3124728.0
M0001,2025-09,3124728,113,113,27652.46017699115,3002257.0,4.08,0.0,가맹점_1,음식점,부산,정체,331830.0,14672,22.62,정상,9,2025,3002257.0,3634947.0,3566322.0,3253977.3333333335,111.33333333333333,4,2,2,3203253.0
M0001,2025-10,3203253,111,110,28858.135135135137,3124728.0,2.51,0.91,가맹점_1,음식점,부산,정체,349449.0,21602,16.18,정상,10,2025,3124728.0,3002257.0,3634947.0,3110079.3333333335,108.66666666666667,4,2,2,3408263.0
M0001,2025-11,3408263,120,120,28402.191666666666,3203253.0,6.4,0.0,가맹점_1,음식점,부산,정체,340826.0,9635,35.37,정상,11,2025,3203253.0,3124728.0,3002257.0,3245414.6666666665,114.66666666666667,4,2,2,3206519.0
M0001,2025-12,3206519,113,110,28376.274336283186,3408263.0,-5.92,2.73,가맹점_1,음식점,부산,정체,349811.0,21849,16.01,정상,12,2025,3408263.0,3203253.0,3124728.0,3272678.3333333335,114.66666666666667,4,2,2,
M0002,2023-01,1144653,53,53,21597.22641509434,,,0.0,가맹점_2,IT서비스,경기,하락,259167.0,20683,12.53,정상,1,2023,,,,1144653.0,53.0,0,0,3,1749168.0
M0002,2023-02,1749168,78,78,22425.23076923077,1144653.0,52.81,0.0,가맹점_2,IT서비스,경기,하락,269103.0,9508,28.3,정상,2,2023,1144653.0,,,1446910.5,65.5,0,0,3,1506065.0
M0002,2023-03,1506065,73,72,20631.027397260274,1749168.0,-13.9,1.39,가맹점_2,IT서비스,경기,하락,251014.0,32025,7.84,정상,3,2023,1749168.0,1144653.0,,1466628.6666666667,68.0,0,0,3,1232393.0
M0002,2023-04,1232393,60,60,20539.883333333335,1506065.0,-18.17,0.0,가맹점_2,IT서비스,경기,하락,246479.0,18134,13.59,정상,4,2023,1506065.0,1749168.0,1144653.0,1495875.3333333333,70.33333333333333,0,0,3,1659348.0
M0002,2023-05,1659348,76,76,21833.526315789473,1232393.0,34.64,0.0,가맹점_2,IT서비스,경기,하락,262002.0,28223,9.28,정상,5,2023,1232393.0,1506065.0,1749168.0,1465935.3333333333,69.66666666666667,0,0,3,1290234.0
M0002,2023-06,1290234,63,62,20479.904761904763,1659348.0,-22.24,1.61,가맹점_2,IT서비스,경기,하락,249716.0,14062,17.76,정상,6,2023,1659348.0,1232393.0,1506065.0,1393991.6666666667,66.33333333333333,0,0,3,1237350.0
M0002,2023-07,1237350,62,61,19957.25806451613,1290234.0,-4.1,1.64,가맹점_2,IT서비스,경기,하락,243415.0,15735,15.47,정상,7,2023,1290234.0,1659348.0,1232393.0,1395644.0,67.0,0,0,3,1223343.0
M0002,2023-08,1223343,63,63,19418.14285714286,1237350.0,-1.13,0.0,가맹점_2,IT서비스,경기,하락,233018.0,8539,27.29,정상,8,2023,1237350.0,1290234.0,1659348.0,1250309.0,62.666666666666664,0,0,3,1393868.0
M0002,2023-09,1393868,66,65,21119.21212121212,1223343.0,13.94,1.54,가맹점_2,IT서비스,경기,하락,257333.0,26019,9.89,정상,9,2023,1223343.0,1237350.0,1290234.0,1284853.6666666667,63.666666666666664,0,0,3,906951.0
M0002,2023-10,906951,47,47,19296.82978723404,1393868.0,-34.93,0.0,가맹점_2,IT서비스,경기,하락,231562.0,25629,9.04,정상,10,2023,1393868.0,1223343.0,1237350.0,1174720.6666666667,58.666666666666664,0,0,3,1228435.0
M0002,2023-11,1228435,66,65,18612.651515151516,906951.0,35.45,1.54,가맹점_2,IT서비스,경기,하락,226791.0,34407,6.59,정상,11,2023,906951.0,1393868.0,1223343.0,1176418.0,59.666666666666664,0,0,3,1001005.0
M0002,2023-12,1001005,59,58,16966.186440677968,1228435.0,-18.51,1.72,가맹점_2,IT서비스,경기,하락,207096.0,24894,8.32,정상,12,2023,1228435.0,906951.0,1393868.0,1045463.6666666666,57.333333333333336,0,0,3,914689.0
M0002,2024-01,914689,44,44,20788.386363636364,1001005.0,-8.62,0.0,가맹점_2,IT서비스,경기,하락,249461.0,13089,19.06,정상,1,2024,1001005.0,1228435.0,906951.0,1048043.0,56.333333333333336,0,0,3,1014622.0
M0002,2024-02,1014622,50,50,20292.44,914689.0,10.93,0.0,가맹점_2,IT서비스,경기,하락,243509.0,29859,8.16,정상,2,2024,914689.0,1001005.0,1228435.0,976772.0,51.0,0,0,3,666628.0
M0002,2024-03,666628,33,33,20200.848484848484,1014622.0,-34.3,0.0,가맹점_2,IT서비스,경기,하락,242410.0,20960,11.57,high_cancel,3,2024,1014622.0,914689.0,1001005.0,865313.0,42.333333333333336,0,0,3,942351.0
M0002,2024-04,942351,49,49,19231.65306122449,666628.0,41.36,0.0,가맹점_2,IT서비스,경기,하락,230780.0,34484,6.69,정상,4,2024,666628.0,1014622.0,914689.0,874533.6666666666,44.0,0,0,3,837407.0
M0002,2024-05,837407,43,43,19474.581395348836,942351.0,-11.14,0.0,가맹점_2,IT서비스,경기,하락,233695.0,16353,14.29,정상,5,2024,942351.0,666628.0,1014622.0,815462.0,41.666666666666664,0,0,3,748936.0
M0002,2024-06,748936,40,40,18723.4,837407.0,-10.56,0.0,가맹점_2,IT서비스,경기,하락,224681.0,26197,8.58,정상,6,2024,837407.0,942351.0,666628.0,842898.0,44.0,0,0,3,1050943.0
M0002,2024-07,1050943,57,57,18437.59649122807,748936.0,40.32,0.0,가맹점_2,IT서비스,경기,하락,221251.0,21952,10.08,정상,7,2024,748936.0,837407.0,942351.0,879095.3333333334,46.666666666666664,0,0,3,983144.0
M0002,2024-08,983144,50,50,19662.88,1050943.0,-6.45,0.0,가맹점_2,IT서비스,경기,하락,235955.0,23508,10.04,정상,8,2024,1050943.0,748936.0,837407.0,927674.3333333334,49.0,0,0,3,861706.0
M0002,2024-09,861706,48,48,17952.208333333332,983144.0,-12.35,0.0,가맹점_2,IT서비스,경기,하락,215426.0,27357,7.87,정상,9,2024,983144.0,1050943.0,748936.0,965264.3333333334,51.666666666666664,0,0,3,928777.0
M0002,2024-10,928777,49,49,18954.632653061224,861706.0,7.78,0.0,가맹점_2,IT서비스,경기,하락,227456.0,19544,11.64,정상,10,2024,861706.0,983144.0,1050943.0,924542.3333333334,49.0,0,0,3,804721.0
M0002,2024-11,804721,44,44,18289.113636363636,928777.0,-13.36,0.0,가맹점_2,IT서비스,경기,하락,219469.0,31700,6.92,정상,11,2024,928777.0,861706.0,983144.0,865068.0,47.0,0,0,3,885643.0
M0002,2024-12,885643,48,48,18450.895833333332,804721.0,10.06,0.0,가맹점_2,IT서비스,경기,하락,221411.0,26514,8.35,정상,12,2024,804721.0,928777.0,861706.0,873047.0,47.0,0,0,3,676616.0
M0002,2025-01,676616,37,37,18286.91891891892,885643.0,-23.6,0.0,가맹점_2,IT서비스,경기,하락,219443.0,25911,8.47,정상,1,2025,885643.0,804721.0,928777.0,788993.3333333334,43.0,0,0,3,936328.0
M0002,2025-02,936328,52,52,18006.30769230769,676616.0,38.38,0.0,가맹점_2,IT서비스,경기,하락,216076.0,13433,16.09,정상,2,2025,676616.0,885643.0,804721.0,832862.3333333334,45.666666666666664,0,0,3,772685.0
M0002,2025-03,772685,40,40,19317.125,936328.0,-17.48,0.0,가맹점_2,IT서비스,경기,하락,231806.0,31795,7.29,정상,3,2025,936328.0,676616.0,885643.0,795209.6666666666,43.0,0,0,3,650042.0
M0002,2025-04,650042,35,34,18572.628571428573,772685.0,-15.87,2.94,가맹점_2,IT서비스,경기,하락,229424.0,14237,16.11,정상,4,2025,772685.0,936328.0,676616.0,786351.6666666666,42.333333333333336,0,0,3,598340.0
M0002,2025-05,598340,36,36,16620.555555555555,650042.0,-7.95,0.0,가맹점_2,IT서비스,경기,하락,199447.0,31819,6.27,정상,5,2025,650042.0,772685.0,936328.0,673689.0,37.0,0,0,3,537341.0
M0002,2025-06,537341,32,32,16791.90625,598340.0,-10.19,0.0,가맹점_2,IT서비스,경기,하락,201503.0,11861,16.99,정상,6,2025,598340.0,650042.0,772685.0,595241.0,34.333333333333336,0,0,3,642080.0
M0002,2025-07,642080,36,36,17835.555555555555,537341.0,19.49,0.0,가맹점_2,IT서비스,경기,하락,214027.0,19190,11.15,정상,7,2025,537341.0,598340.0,650042.0,592587.0,34.666666666666664,0,0,3,523999.0
M0002,2025-08,523999,30,30,17466.633333333335,642080.0,-18.39,0.0,가맹점_2,IT서비스,경기,하락,209600.0,26545,7.9,정상,8,2025,642080.0,537341.0,598340.0,567806.6666666666,32.666666666666664,0,0,3,365846.0
M0002,2025-09,365846,25,25,14633.84,523999.0,-30.18,0.0,가맹점_2,IT서비스,경기,하락,175606.0,13778,12.75,정상,9,2025,523999.0,642080.0,537341.0,510641.6666666667,30.333333333333332,0,0,3,455064.0
M0002,2025-10,455064,27,27,16854.222222222223,365846.0,24.39,0.0,가맹점_2,IT서비스,경기,하락,202251.0,12747,15.87,정상,10,2025,365846.0,523999.0,642080.0,448303.0,27.333333333333332,0,0,3,330963.0
M0002,2025-11,330963,24,24,13790.125,455064.0,-27.27,0.0,가맹점_2,IT서비스,경기,하락,165482.0,26915,6.15,정상,11,2025,455064.0,365846.0,523999.0,383957.6666666667,25.333333333333332,0,0,3,606806.0
M0002,2025-12,606806,33,33,18388.060606060608,330963.0,83.35,0.0,가맹점_2,IT서비스,경기,하락,220657.0,27372,8.06,정상,12,2025,330963.0,455064.0,365846.0,464277.6666666667,28.0,0,0,3,
M0003,2023-01,3220676,124,122,25973.1935483871,,,1.64,가맹점_3,교육,서울,안정,316790.0,33920,9.34,정상,1,2023,,,,3220676.0,124.0,1,3,1,1911301.0
M0003,2023-02,1911301,68,68,28107.367647058825,3220676.0,-40.66,0.0,가맹점_3,교육,서울,안정,337288.0,27506,12.26,high_cancel,2,2023,3220676.0,,,2565988.5,96.0,1,3,1,2650973.0
M0003,2023-03,2650973,108,107,24546.046296296296,1911301.0,38.7,0.93,가맹점_3,교육,서울,안정,297292.0,23381,12.72,정상,3,2023,1911301.0,3220676.0,,2594316.6666666665,100.0,1,3,1,3383979.0
M0003,2023-04,3383979,138,138,24521.58695652174,2650973.0,27.65,0.0,가맹점_3,교육,서울,안정,294259.0,16497,17.84,정상,4,2023,2650973.0,1911301.0,3220676.0,2648751.0,104.66666666666667,1,3,1,2896956.0
M0003,2023-05,2896956,119,116,24344.168067226892,3383979.0,-14.39,2.59,가맹점_3,교육,서울,안정,299696.0,22095,13.56,정상,5,2023,3383979.0,2650973.0,1911301.0,2977302.6666666665,121.66666666666667,1,3,1,3392791.0
M0003,2023-06,3392791,137,134,24764.89781021898,2896956.0,17.12,2.24,가맹점_3,교육,서울,안정,303836.0,27553,11.03,정상,6,2023,2896956.0,3383979.0,2650973.0,3224575.3333333335,131.33333333333334,1,3,1,3423240.0
M0003,2023-07,3423240,130,129,26332.615384615383,3392791.0,0.9,0.78,가맹점_3,교육,서울,안정,318456.0,11338,28.09,정상,7,2023,3392791.0,2896956.0,3383979.0,3237662.3333333335,128.66666666666666,1,3,1,2925980.0
M0003,2023-08,2925980,115,114,25443.304347826088,3423240.0,-14.53,0.88,가맹점_3,교육,서울,안정,308006.0,33570,9.18,정상,8,2023,3423240.0,3392791.0,2896956.0,3247337.0,127.33333333333333,1,3,1,3298743.0
M0003,2023-09,3298743,129,129,25571.6511627907,2925980.0,12.74,0.0,가맹점_3,교육,서울,안정,306860.0,22382,13.71,정상,9,2023,2925980.0,3423240.0,3392791.0,3215987.6666666665,124.66666666666667,1,3,1,1714458.0
M0003,2023-10,1714458,72,72,23811.916666666668,3298743.0,-48.03,0.0,가맹점_3,교육,서울,안정,285743.0,22465,12.72,high_cancel,10,2023,3298743.0,2925980.0,3423240.0,2646393.6666666665,105.33333333333333,1,3,1,3354543.0
M0003,2023-11,3354543,129,127,26004.20930232558,1714458.0,95.66,1.57,가맹점_3,교육,서울,안정,316950.0,19122,16.58,정상,11,2023,1714458.0,3298743.0,2925980.0,2789248.0,110.0,1,3,1,2997058.0
M0003,2023-12,2997058,120,119,24975.483333333334,3354543.0,-10.66,0.84,가맹점_3,교육,서울,안정,302223.0,14390,21.0,정상,12,2023,3354543.0,1714458.0,3298743.0,2688686.3333333335,107.0,1,3,1,6338354.0
M0003,2024-01,6338354,98,97,64677.08163265306,2997058.0,111.49,1.03,가맹점_3,교육,서울,안정,784119.0,15368,51.02,revenue_spike,1,2024,2997058.0,3354543.0,1714458.0,4229985.0,115.66666666666667,1,3,1,4141804.0
M0003,2024-02,4141804,84,82,49307.19047619047,6338354.0,-34.65,2.44,가맹점_3,교육,서울,안정,606123.0,10550,57.45,aov_spike,2,2024,6338354.0,2997058.0,3354543.0,4492405.333333333,100.66666666666667,1,3,1,7272619.0
M0003,2024-03,7272619,122,122,59611.63114754098,4141804.0,75.59,0.0,가맹점_3,교육,서울,안정,715340.0,10014,71.43,revenue_spike,3,2024,4141804.0,6338354.0,2997058.0,5917592.333333333,101.33333333333333,1,3,1,2546657.0
M0003,2024-04,2546657,103,103,24724.825242718445,7272619.0,-64.98,0.0,가맹점_3,교육,서울,안정,296698.0,25480,11.64,정상,4,2024,7272619.0,4141804.0,6338354.0,4653693.333333333,103.0,1,3,1,3055296.0
M0003,2024-05,3055296,113,113,27038.017699115044,2546657.0,19.97,0.0,가맹점_3,교육,서울,안정,324456.0,31910,10.17,정상,5,2024,2546657.0,7272619.0,4141804.0,4291524.0,112.66666666666667,1,3,1,3501150.0
M0003,2024-06,3501150,134,129,26127.985074626864,3055296.0,14.59,3.88,가맹점_3,교육,서울,안정,325701.0,30251,10.77,정상,6,2024,3055296.0,2546657.0,7272619.0,3034367.6666666665,116.66666666666667,1,3,1,2003430.0
M0003,2024-07,2003430,81,80,24733.703703703704,3501150.0,-42.78,1.25,가맹점_3,교육,서울,안정,300514.0,13729,21.89,high_cancel,7,2024,3501150.0,3055296.0,2546657.0,2853292.0,109.33333333333333,1,3,1,3555239.0
M0003,2024-08,3555239,137,135,25950.649635036498,2003430.0,77.46,1.48,가맹점_3,교육,서울,안정,316017.0,33346,9.48,정상,8,2024,2003430.0,3501150.0,3055296.0,3019939.6666666665,117.33333333333333,1,3,1,3334437.0
M0003,2024-09,3334437,129,128,25848.3488372093,3555239.0,-6.21,0.78,가맹점_3,교육,서울,안정,312600.0,19293,16.2,정상,9,2024,3555239.0,2003430.0,3501150.0,2964368.6666666665,115.66666666666667,1,3,1,2938994.0
M0003,2024-10,2938994,120,120,24491.616666666665,3334437.0,-11.86,0.0,가맹점_3,교육,서울,안정,293899.0,25121,11.7,정상,10,2024,3334437.0,3555239.0,2003430.0,3276223.3333333335,128.66666666666666,1,3,1,3995668.0
M0003,2024-11,3995668,155,151,25778.503225806453,2938994.0,35.95,2.65,가맹점_3,교육,서울,안정,317540.0,28070,11.31,정상,11,2024,2938994.0,3334437.0,3555239.0,3423033.0,134.66666666666666,1,3,1,3346949.0
M0003,2024-12,3346949,129,127,25945.341085271317,3995668.0,-16.24,1.57,가맹점_3,교육,서울,안정,316232.0,16139,19.59,정상,12,2024,3995668.0,2938994.0,3334437.0,3427203.6666666665,134.66666666666666,1,3,1,2462413.0
M0003,2025-01,2462413,102,100,24141.303921568626,3346949.0,-26.43,2.0,가맹점_3,교육,서울,안정,295490.0,16449,17.96,정상,1,2025,3346949.0,3995668.0,2938994.0,3268343.3333333335,128.66666666666666,1,3,1,2328595.0
M0003,2025-02,2328595,91,91,25588.956043956045,2462413.0,-5.43,0.0,가맹점_3,교육,서울,안정,307067.0,13773,22.29,정상,2,2025,2462413.0,3346949.0,3995668.0,2712652.3333333335,107.33333333333333,1,3,1,2577472.0
M0003,2025-03,2577472,102,101,25269.333333333332,2328595.0,10.69,0.99,가맹점_3,교육,서울,안정,306234.0,9897,30.94,정상,3,2025,2328595.0,2462413.0,3346949.0,2456160.0,98.33333333333333,1,3,1,3029959.0
M0003,2025-04,3029959,114,113,26578.587719298244,2577472.0,17.56,0.88,가맹점_3,교육,서울,안정,321750.0,14781,21.77,정상,4,2025,2577472.0,2328595.0,2462413.0,2645342.0,102.33333333333333,1,3,1,2854643.0
M0003,2025-05,2854643,106,103,26930.594339622643,3029959.0,-5.79,2.91,가맹점_3,교육,서울,안정,332571.0,34434,9.66,정상,5,2025,3029959.0,2577472.0,2328595.0,2820691.3333333335,107.33333333333333,1,3,1,2754471.0
M0003,2025-06,2754471,114,113,24162.026315789473,2854643.0,-3.51,0.88,가맹점_3,교육,서울,안정,292496.0,18217,16.06,정상,6,2025,2854643.0,3029959.0,2577472.0,2879691.0,111.33333333333333,1,3,1,2949213.0
M0003,2025-07,2949213,118,117,24993.330508474577,2754471.0,7.07,0.85,가맹점_3,교육,서울,안정,302469.0,28527,10.6,정상,7,2025,2754471.0,2854643.0,3029959.0,2852775.6666666665,112.66666666666667,1,3,1,3074735.0
M0003,2025-08,3074735,116,114,26506.33620689655,2949213.0,4.26,1.75,가맹점_3,교육,서울,안정,323642.0,26936,12.02,정상,8,2025,2949213.0,2754471.0,2854643.0,2926139.6666666665,116.0,1,3,1,2930943.0
M0003,2025-09,2930943,118,116,24838.5,3074735.0,-4.68,1.72,가맹점_3,교육,서울,안정,303189.0,15644,19.38,정상,9,2025,3074735.0,2949213.0,2754471.0,2984963.6666666665,117.33333333333333,1,3,1,2605649.0
M0003,2025-10,2605649,98,97,26588.255102040817,2930943.0,-11.1,1.03,가맹점_3,교육,서울,안정,322345.0,34566,9.33,정상,10,2025,2930943.0,3074735.0,2949213.0,2870442.3333333335,110.66666666666667,1,3,1,2566213.0
M0003,2025-11,2566213,113,113,22709.849557522124,2605649.0,-1.51,0.0,가맹점_3,교육,서울,안정,272518.0,19936,13.67,정상,11,2025,2605649.0,2930943.0,3074735.0,2700935.0,109.66666666666667,1,3,1,3065690.0
M0003,2025-12,3065690,121,121,25336.280991735537,2566213.0,19.46,0.0,가맹점_3,교육,서울,안정,304035.0,15229,19.96,정상,12,2025,2566213.0,2605649.0,2930943.0,2745850.6666666665,110.66666666666667,1,3,1,
M0004,2023-01,2314608,67,67,34546.388059701494,,,0.0,가맹점_4,뷰티,부산,안정,414557.0,17244,24.04,정상,1,2023,,,,2314608.0,67.0,3,2,1,2337576.0
M0004,2023-02,2337576,71,71,32923.605633802814,2314608.0,0.99,0.0,가맹점_4,뷰티,부산,안정,395083.0,27862,14.18,정상,2,2023,2314608.0,,,2326092.0,69.0,3,2,1,2468235.0
M0004,2023-03,2468235,70,70,35260.5,2337576.0,5.59,0.0,가맹점_4,뷰티,부산,안정,423126.0,22381,18.91,정상,3,2023,2337576.0,2314608.0,,2373473.0,69.33333333333333,3,2,1,2865484.0
M0004,2023-04,2865484,89,88,32196.449438202246,2468235.0,16.09,1.14,가맹점_4,뷰티,부산,안정,390762.0,14896,26.23,정상,4,2023,2468235.0,2337576.0,2314608.0,2557098.3333333335,76.66666666666667,3,2,1,2987781.0
M0004,2023-05,2987781,86,85,34741.63953488372,2865484.0,4.27,1.18,가맹점_4,뷰티,부산,안정,421819.0,32099,13.14,정상,5,2023,2865484.0,2468235.0,2337576.0,2773833.3333333335,81.66666666666667,3,2,1,3627231.0
M0004,2023-06,3627231,105,104,34545.05714285714,2987781.0,21.4,0.96,가맹점_4,뷰티,부산,안정,418520.0,8180,51.16,정상,6,2023,2987781.0,2865484.0,2468235.0,3160165.3333333335,93.33333333333333,3,2,1,3158152.0
M0004,2023-07,3158152,90,89,35090.57777777778,3627231.0,-12.93,1.12,가맹점_4,뷰티,부산,안정,425803.0,26308,16.19,정상,7,2023,3627231.0,2987781.0,2865484.0,3257721.3333333335,93.66666666666667,3,2,1,3046636.0
M0004,2023-08,3046636,76,75,40087.31578947369,3158152.0,-3.53,1.33,가맹점_4,뷰티,부산,안정,487446.0,15081,32.32,정상,8,2023,3158152.0,3627231.0,2987781.0,3277339.6666666665,90.33333333333333,3,2,1,3612617.0
M0004,2023-09,3612617,101,100,35768.485148514854,3046636.0,18.58,1.0,가맹점_4,뷰티,부산,안정,433514.0,22491,19.27,정상,9,2023,3046636.0,3158152.0,3627231.0,3272468.3333333335,89.0,3,2,1,2215774.0
M0004,2023-10,2215774,71,70,31208.084507042255,3612617.0,-38.67,1.43,가맹점_4,뷰티,부산,안정,379852.0,10123,37.52,정상,10,2023,3612617.0,3046636.0,3158152.0,2958342.3333333335,82.66666666666667,3,2,1,3576696.0
M0004,2023-11,3576696,112,110,31934.785714285714,2215774.0,61.42,1.82,가맹점_4,뷰티,부산,안정,390192.0,12664,30.81,정상,11,2023,2215774.0,3612617.0,3046636.0,3135029.0,94.66666666666667,3,2,1,3547846.0
M0004,2023-12,3547846,106,105,33470.24528301887,3576696.0,-0.81,0.95,가맹점_4,뷰티,부산,안정,405459.0,17395,23.31,정상,12,2023,3576696.0,2215774.0,3612617.0,3113438.6666666665,96.33333333333333,3,2,1,2207006.0
M0004,2024-01,2207006,70,70,31528.657142857144,3547846.0,-37.79,0.0,가맹점_4,뷰티,부산,안정,378344.0,34380,11.0,정상,1,2024,3547846.0,3576696.0,2215774.0,3110516.0,96.0,3,2,1,2366181.0
M0004,2024-02,2366181,68,68,34796.779411764706,2207006.0,7.21,0.0,가맹점_4,뷰티,부산,안정,417561.0,21781,19.17,정상,2,2024,2207006.0,3547846.0,3576696.0,2707011.0,81.33333333333333,3,2,1,3009404.0
M0004,2024-03,3009404,89,88,33813.52808988764,2366181.0,27.18,1.14,가맹점_4,뷰티,부산,안정,410388.0,18407,22.3,정상,3,2024,2366181.0,2207006.0,3547846.0,2527530.3333333335,75.66666666666667,3,2,1,3657624.0
M0004,2024-04,3657624,102,102,35859.05882352941,3009404.0,21.54,0.0,가맹점_4,뷰티,부산,안정,430309.0,30301,14.2,정상,4,2024,3009404.0,2366181.0,2207006.0,3011069.6666666665,86.33333333333333,3,2,1,2983804.0
M0004,2024-05,2983804,92,91,32432.652173913044,3657624.0,-18.42,1.1,가맹점_4,뷰티,부산,안정,393473.0,24484,16.07,정상,5,2024,3657624.0,3009404.0,2366181.0,3216944.0,94.33333333333333,3,2,1,3709988.0
M0004,2024-06,3709988,97,96,38247.298969072166,2983804.0,24.34,1.04,가맹점_4,뷰티,부산,안정,463741.0,31892,14.54,정상,6,2024,2983804.0,3657624.0,3009404.0,3450472.0,97.0,3,2,1,3175310.0
M0004,2024-07,3175310,89,89,35677.6404494382,3709988.0,-14.41,0.0,가맹점_4,뷰티,부산,안정,428132.0,12057,35.51,정상,7,2024,3709988.0,2983804.0,3657624.0,3289700.6666666665,92.66666666666667,3,2,1,2709222.0
M0004,2024-08,2709222,86,85,31502.581395348836,3175310.0,-14.68,1.18,가맹점_4,뷰티,부산,안정,382492.0,27488,13.91,정상,8,2024,3175310.0,3709988.0,2983804.0,3198173.3333333335,90.66666666666667,3,2,1,2461861.0
M0004,2024-09,2461861,67,67,36744.19402985075,2709222.0,-9.13,0.0,가맹점_4,뷰티,부산,안정,440930.0,20377,21.64,정상,9,2024,2709222.0,3175310.0,3709988.0,2782131.0,80.66666666666667,3,2,1,6345027.0
M0004,2024-10,6345027,72,72,88125.375,2461861.0,157.73,0.0,가맹점_4,뷰티,부산,안정,1057504.0,28963,36.51,revenue_spike,10,2024,2461861.0,2709222.0,3175310.0,3838703.3333333335,75.0,3,2,1,3778548.0
M0004,2024-11,3778548,105,105,35986.171428571426,6345027.0,-40.45,0.0,가맹점_4,뷰티,부산,안정,431834.0,8264,52.25,정상,11,2024,6345027.0,2461861.0,2709222.0,4195145.333333333,81.33333333333333,3,2,1,3395657.0
M0004,2024-12,3395657,88,88,38587.01136363636,3778548.0,-10.13,0.0,가맹점_4,뷰티,부산,안정,463044.0,27735,16.7,정상,12,2024,3778548.0,6345027.0,2461861.0,4506410.666666667,88.33333333333333,3,2,1,2422981.0
M0004,2025-01,2422981,67,66,36163.89552238806,3395657.0,-28.64,1.52,가맹점_4,뷰티,부산,안정,440563.0,9809,44.91,정상,1,2025,3395657.0,3778548.0,6345027.0,3199062.0,86.66666666666667,3,2,1,1920413.0
M0004,2025-02,1920413,56,56,34293.08928571428,2422981.0,-20.74,0.0,가맹점_4,뷰티,부산,안정,411517.0,33297,12.36,high_cancel,2,2025,2422981.0,3395657.0,3778548.0,2579683.6666666665,70.33333333333333,3,2,1,2327763.0
M0004,2025-03,2327763,69,69,33735.69565217391,1920413.0,21.21,0.0,가맹점_4,뷰티,부산,안정,404828.0,17734,22.83,정상,3,2025,1920413.0,2422981.0,3395657.0,2223719.0,64.0,3,2,1,2779128.0
M0004,2025-04,2779128,77,77,36092.57142857143,2327763.0,19.39,0.0,가맹점_4,뷰티,부산,안정,433111.0,25392,17.06,정상,4,2025,2327763.0,1920413.0,2422981.0,2342434.6666666665,67.33333333333333,3,2,1,4386988.0
M0004,2025-05,4386988,65,64,67492.12307692308,2779128.0,57.85,1.56,가맹점_4,뷰티,부산,안정,822540.0,20905,39.35,aov_spike,5,2025,2779128.0,2327763.0,1920413.0,3164626.3333333335,70.33333333333333,3,2,1,3193761.0
M0004,2025-06,3193761,89,88,35884.95505617977,4386988.0,-27.2,1.14,가맹점_4,뷰티,부산,안정,435529.0,34464,12.64,정상,6,2025,4386988.0,2779128.0,2327763.0,3453292.3333333335,77.0,3,2,1,3276021.0
M0004,2025-07,3276021,88,87,37227.51136363636,3193761.0,2.58,1.15,가맹점_4,뷰티,부산,안정,451868.0,22977,19.67,정상,7,2025,3193761.0,4386988.0,2779128.0,3618923.3333333335,80.66666666666667,3,2,1,3404027.0
M0004,2025-08,3404027,90,89,37822.52222222222,3276021.0,3.91,1.12,가맹점_4,뷰티,부산,안정,458954.0,10908,42.07,정상,8,2025,3276021.0,3193761.0,4386988.0,3291269.6666666665,89.0,3,2,1,2746493.0
M0004,2025-09,2746493,77,75,35668.74025974026,3404027.0,-19.32,2.67,가맹점_4,뷰티,부산,안정,439453.0,23508,18.69,정상,9,2025,3404027.0,3276021.0,3193761.0,3142180.3333333335,85.0,3,2,1,3311621.0
M0004,2025-10,3311621,91,91,36391.43956043956,2746493.0,20.58,0.0,가맹점_4,뷰티,부산,안정,436697.0,26024,16.78,정상,10,2025,2746493.0,3404027.0,3276021.0,3154047.0,86.0,3,2,1,2813460.0
M0004,2025-11,2813460,81,81,34734.07407407407,3311621.0,-15.04,0.0,가맹점_4,뷰티,부산,안정,416809.0,34906,11.94,high_cancel,11,2025,3311621.0,2746493.0,3404027.0,2957191.3333333335,83.0,3,2,1,3175190.0
M0004,2025-12,3175190,96,94,33074.895833333336,2813460.0,12.86,2.13,가맹점_4,뷰티,부산,안정,405353.0,25487,15.9,정상,12,2025,2813460.0,3311621.0,2746493.0,3100090.3333333335,89.33333333333333,3,2,1,
M0005,2023-01,1393200,32,32,43537.5,,,0.0,가맹점_5,뷰티,인천,안정,522450.0,31141,16.78,정상,1,2023,,,,1393200.0,32.0,3,4,1,1557798.0
M0005,2023-02,1557798,42,42,37090.42857142857,1393200.0,11.81,0.0,가맹점_5,뷰티,인천,안정,445085.0,30405,14.64,정상,2,2023,1393200.0,,,1475499.0,37.0,3,4,1,2357512.0
M0005,2023-03,2357512,59,59,39957.83050847457,1557798.0,51.34,0.0,가맹점_5,뷰티,인천,안정,479494.0,11339,42.29,정상,3,2023,1557798.0,1393200.0,,1769503.3333333333,44.333333333333336,3,4,1,6289582.0
M0005,2023-04,6289582,62,62,101444.87096774194,2357512.0,166.79,0.0,가맹점_5,뷰티,인천,안정,1217338.0,33560,36.27,revenue_spike,4,2023,2357512.0,1557798.0,1393200.0,3401630.6666666665,54.333333333333336,3,4,1,2173896.0
M0005,2023-05,2173896,58,56,37480.96551724138,6289582.0,-65.44,3.57,가맹점_5,뷰티,인천,안정,465828.0,22129,21.05,정상,5,2023,6289582.0,2357512.0,1557798.0,3606996.6666666665,59.666666666666664,3,4,1,2189359.0
M0005,2023-06,2189359,51,51,42928.60784313725,2173896.0,0.71,0.0,가맹점_5,뷰티,인천,안정,515143.0,24701,20.86,정상,6,2023,2173896.0,6289582.0,2357512.0,3550945.6666666665,57.0,3,4,1,1795113.0
M0005,2023-07,1795113,45,44,39891.4,2189359.0,-18.01,2.27,가맹점_5,뷰티,인천,안정,489563.0,24622,19.88,정상,7,2023,2189359.0,2173896.0,6289582.0,2052789.3333333333,51.333333333333336,3,4,1,2364750.0
M0005,2023-08,2364750,58,58,40771.55172413793,1795113.0,31.73,0.0,가맹점_5,뷰티,인천,안정,489259.0,29136,16.79,정상,8,2023,1795113.0,2189359.0,2173896.0,2116407.3333333335,51.333333333333336,3,4,1,2152446.0
M0005,2023-09,2152446,52,52,41393.192307692305,2364750.0,-8.98,0.0,가맹점_5,뷰티,인천,안정,496718.0,18894,26.29,정상,9,2023,2364750.0,1795113.0,2189359.0,2104103.0,51.666666666666664,3,4,1,2301268.0
M0005,2023-10,2301268,57,57,40373.12280701754,2152446.0,6.91,0.0,가맹점_5,뷰티,인천,안정,484477.0,30521,15.87,정상,10,2023,2152446.0,2364750.0,1795113.0,2272821.3333333335,55.666666666666664,3,4,1,2342662.0
M0005,2023-11,2342662,61,61,38404.29508196721,2301268.0,1.8,0.0,가맹점_5,뷰티,인천,안정,460852.0,29847,15.44,정상,11,2023,2301268.0,2152446.0,2364750.0,2265458.6666666665,56.666666666666664,3,4,1,2103379.0
M0005,2023-12,2103379,54,54,38951.46296296296,2342662.0,-10.21,0.0,가맹점_5,뷰티,인천,안정,467418.0,31010,15.07,정상,12,2023,2342662.0,2301268.0,2152446.0,2249103.0,57.333333333333336,3,4,1,1894164.0
M0005,2024-01,1894164,47,47,40301.36170212766,2103379.0,-9.95,0.0,가맹점_5,뷰티,인천,안정,483616.0,10858,44.54,정상,1,2024,2103379.0,2342662.0,2301268.0,2113401.6666666665,54.0,3,4,1,1262419.0
M0005,2024-02,1262419,33,33,38255.121212121216,1894164.0,-33.35,0.0,가맹점_5,뷰티,인천,안정,459061.0,15683,29.27,정상,2,2024,1894164.0,2103379.0,2342662.0,1753320.6666666667,44.666666666666664,3,4,1,2139919.0
M0005,2024-03,2139919,52,51,41152.28846153846,1262419.0,69.51,1.96,가맹점_5,뷰티,인천,안정,503506.0,13211,38.11,정상,3,2024,1262419.0,1894164.0,2103379.0,1765500.6666666667,44.0,3,4,1,2246859.0
M0005,2024-04,2246859,60,60,37447.65,2139919.0,5.0,0.0,가맹점_5,뷰티,인천,안정,449372.0,22211,20.23,정상,4,2024,2139919.0,1262419.0,1894164.0,1883065.6666666667,48.333333333333336,3,4,1,2029229.0
M0005,2024-05,2029229,51,51,39788.80392156863,2246859.0,-9.69,0.0,가맹점_5,뷰티,인천,안정,477466.0,9106,52.43,정상,5,2024,2246859.0,2139919.0,1262419.0,2138669.0,54.333333333333336,3,4,1,1630038.0
M0005,2024-06,1630038,40,40,40750.95,2029229.0,-19.67,0.0,가맹점_5,뷰티,인천,안정,489011.0,8711,56.14,정상,6,2024,2029229.0,2246859.0,2139919.0,1968708.6666666667,50.333333333333336,3,4,1,1590924.0
M0005,2024-07,1590924,40,39,39773.1,1630038.0,-2.4,2.56,가맹점_5,뷰티,인천,안정,489495.0,21613,22.65,정상,7,2024,1630038.0,2029229.0,2246859.0,1750063.6666666667,43.666666666666664,3,4,1,2176785.0
M0005,2024-08,2176785,56,55,38871.16071428572,1590924.0,36.83,1.82,가맹점_5,뷰티,인천,안정,474943.0,23138,20.53,정상,8,2024,1590924.0,1630038.0,2029229.0,1799249.0,45.333333333333336,3,4,1,2293915.0
M0005,2024-09,2293915,55,55,41707.545454545456,2176785.0,5.38,0.0,가맹점_5,뷰티,인천,안정,500491.0,12391,40.39,정상,9,2024,2176785.0,1590924.0,1630038.0,2020541.3333333333,50.333333333333336,3,4,1,1808915.0
M0005,2024-10,1808915,48,48,37685.729166666664,2293915.0,-21.14,0.0,가맹점_5,뷰티,인천,안정,452229.0,29197,15.49,정상,10,2024,2293915.0,2176785.0,1590924.0,2093205.0,53.0,3,4,1,2490205.0
M0005,2024-11,2490205,62,61,40164.596774193546,1808915.0,37.66,1.64,가맹점_5,뷰티,인천,안정,489880.0,19494,25.13,정상,11,2024,1808915.0,2293915.0,2176785.0,2197678.3333333335,55.0,3,4,1,2116104.0
M0005,2024-12,2116104,57,57,37124.63157894737,2490205.0,-15.02,0.0,가맹점_5,뷰티,인천,안정,445496.0,8817,50.53,정상,12,2024,2490205.0,1808915.0,2293915.0,2138408.0,55.666666666666664,3,4,1,1840676.0
M0005,2025-01,1840676,48,48,38347.416666666664,2116104.0,-13.02,0.0,가맹점_5,뷰티,인천,안정,460169.0,14017,32.83,정상,1,2025,2116104.0,2490205.0,1808915.0,2148995.0,55.666666666666664,3,4,1,1828273.0
M0005,2025-02,1828273,47,47,38899.425531914894,1840676.0,-0.67,0.0,가맹점_5,뷰티,인천,안정,466793.0,12620,36.99,정상,2,2025,1840676.0,2116104.0,2490205.0,1928351.0,50.666666666666664,3,4,1,2729175.0
M0005,2025-03,2729175,65,63,41987.307692307695,1828273.0,49.28,3.17,가맹점_5,뷰티,인천,안정,519820.0,13194,39.4,정상,3,2025,1828273.0,1840676.0,2116104.0,2132708.0,53.333333333333336,3,4,1,1761030.0
M0005,2025-04,1761030,44,44,40023.40909090909,2729175.0,-35.47,0.0,가맹점_5,뷰티,인천,안정,480281.0,28348,16.94,정상,4,2025,2729175.0,1828273.0,1840676.0,2106159.3333333335,52.0,3,4,1,2509407.0
M0005,2025-05,2509407,58,57,43265.637931034486,1761030.0,42.5,1.75,가맹점_5,뷰티,인천,안정,528273.0,12599,41.93,정상,5,2025,1761030.0,2729175.0,1828273.0,2333204.0,55.666666666666664,3,4,1,2221704.0
M0005,2025-06,2221704,52,52,42725.07692307692,2509407.0,-11.46,0.0,가맹점_5,뷰티,인천,안정,512701.0,9697,52.87,정상,6,2025,2509407.0,1761030.0,2729175.0,2164047.0,51.333333333333336,3,4,1,1874712.0
M0005,2025-07,1874712,51,51,36759.05882352941,2221704.0,-15.62,0.0,가맹점_5,뷰티,인천,안정,441109.0,11718,37.64,정상,7,2025,2221704.0,2509407.0,1761030.0,2201941.0,53.666666666666664,3,4,1,2006389.0
M0005,2025-08,2006389,48,48,41799.770833333336,1874712.0,7.02,0.0,가맹점_5,뷰티,인천,안정,501597.0,24854,20.18,정상,8,2025,1874712.0,2221704.0,2509407.0,2034268.3333333333,50.333333333333336,3,4,1,1864690.0
M0005,2025-09,1864690,49,49,38054.897959183676,2006389.0,-7.06,0.0,가맹점_5,뷰티,인천,안정,456659.0,22706,20.11,정상,9,2025,2006389.0,1874712.0,2221704.0,1915263.6666666667,49.333333333333336,3,4,1,4212868.0
M0005,2025-10,4212868,50,50,84257.36,1864690.0,125.93,0.0,가맹점_5,뷰티,인천,안정,1011088.0,25331,39.92,aov_spike,10,2025,1864690.0,2006389.0,1874712.0,2694649.0,49.0,3,4,1,2272415.0
M0005,2025-11,2272415,60,59,37873.583333333336,4212868.0,-46.06,1.69,가맹점_5,뷰티,인천,안정,462164.0,14519,31.83,정상,11,2025,4212868.0,1864690.0,2006389.0,2783324.3333333335,53.0,3,4,1,2598885.0
M0005,2025-12,2598885,64,64,40607.578125,2272415.0,14.37,0.0,가맹점_5,뷰티,인천,안정,487291.0,22020,22.13,정상,12,2025,2272415.0,4212868.0,1864690.0,3028056.0,58.0,3,4,1,
M0006,2023-01,1621251,40,40,40531.275,,,0.0,가맹점_6,IT서비스,서울,안정,486375.0,32041,15.18,정상,1,2023,,,,1621251.0,40.0,0,3,1,1384543.0
M0006,2023-02,1384543,41,40,33769.34146341463,1621251.0,-14.6,2.5,가맹점_6,IT서비스,서울,안정,415363.0,17028,24.39,정상,2,2023,1621251.0,,,1502897.0,40.5,0,3,1,1219058.0
M0006,2023-03,1219058,36,36,33862.72222222222,1384543.0,-11.95,0.0,가맹점_6,IT서비스,서울,안정,406353.0,16341,24.87,정상,3,2023,1384543.0,1621251.0,,1408284.0,39.0,0,3,1,1175336.0
M0006,2023-04,1175336,37,36,31765.837837837837,1219058.0,-3.59,2.78,가맹점_6,IT서비스,서울,안정,391787.0,30053,13.04,정상,4,2023,1219058.0,1384543.0,1621251.0,1259645.6666666667,38.0,0,3,1,1943418.0
M0006,2023-05,1943418,57,56,34095.05263157895,1175336.0,65.35,1.79,가맹점_6,IT서비스,서울,안정,416464.0,27644,15.07,정상,5,2023,1175336.0,1219058.0,1384543.0,1445937.3333333333,43.333333333333336,0,3,1,2426726.0
M0006,2023-06,2426726,69,69,35169.942028985504,1943418.0,24.87,0.0,가맹점_6,IT서비스,서울,안정,422039.0,17250,24.47,정상,6,2023,1943418.0,1175336.0,1219058.0,1848493.3333333333,54.333333333333336,0,3,1,2370171.0
M0006,2023-07,2370171,64,64,37033.921875,2426726.0,-2.33,0.0,가맹점_6,IT서비스,서울,안정,444407.0,12125,36.65,정상,7,2023,2426726.0,1943418.0,1175336.0,2246771.6666666665,63.333333333333336,0,3,1,1745014.0
M0006,2023-08,1745014,44,44,39659.40909090909,2370171.0,-26.38,0.0,가맹점_6,IT서비스,서울,안정,475913.0,31549,15.08,high_cancel,8,2023,2370171.0,2426726.0,1943418.0,2180637.0,59.0,0,3,1,4097995.0
M0006,2023-09,4097995,57,57,71894.64912280702,1745014.0,134.84,0.0,가맹점_6,IT서비스,서울,안정,862736.0,14508,59.47,aov_spike,9,2023,1745014.0,2370171.0,2426726.0,2737726.6666666665,55.0,0,3,1,2082344.0
M0006,2023-10,2082344,55,55,37860.8,4097995.0,-49.19,0.0,가맹점_6,IT서비스,서울,안정,454330.0,11114,40.88,정상,10,2023,4097995.0,1745014.0,2370171.0,2641784.3333333335,52.0,0,3,1,1948235.0
M0006,2023-11,1948235,53,53,36759.15094339623,2082344.0,-6.44,0.0,가맹점_6,IT서비스,서울,안정,441110.0,18371,24.01,정상,11,2023,2082344.0,4097995.0,1745014.0,2709524.6666666665,55.0,0,3,1,1501385.0
M0006,2023-12,1501385,47,47,31944.36170212766,1948235.0,-22.94,0.0,가맹점_6,IT서비스,서울,안정,383332.0,10917,35.11,정상,12,2023,1948235.0,2082344.0,4097995.0,1843988.0,51.666666666666664,0,3,1,1678023.0
M0006,2024-01,1678023,45,45,37289.4,1501385.0,11.77,0.0,가맹점_6,IT서비스,서울,안정,447473.0,27749,16.13,정상,1,2024,1501385.0,1948235.0,2082344.0,1709214.3333333333,48.333333333333336,0,3,1,2124800.0
M0006,2024-02,2124800,60,60,35413.333333333336,1678023.0,26.63,0.0,가맹점_6,IT서비스,서울,안정,424960.0,14742,28.83,정상,2,2024,1678023.0,1501385.0,1948235.0,1768069.3333333333,50.666666666666664,0,3,1,1990961.0
M0006,2024-03,1990961,51,51,39038.450980392154,2124800.0,-6.3,0.0,가맹점_6,IT서비스,서울,안정,468461.0,32983,14.2,정상,3,2024,2124800.0,1678023.0,1501385.0,1931261.3333333333,52.0,0,3,1,1838299.0
M0006,2024-04,1838299,54,54,34042.57407407407,1990961.0,-7.67,0.0,가맹점_6,IT서비스,서울,안정,408511.0,10737,38.05,정상,4,2024,1990961.0,2124800.0,1678023.0,1984686.6666666667,55.0,0,3,1,1784734.0
M0006,2024-05,1784734,47,47,37973.063829787236,1838299.0,-2.91,0.0,가맹점_6,IT서비스,서울,안정,455677.0,8759,52.02,정상,5,2024,1838299.0,1990961.0,2124800.0,1871331.3333333333,50.666666666666664,0,3,1,1827051.0
M0006,2024-06,1827051,54,54,33834.27777777778,1784734.0,2.37,0.0,가맹점_6,IT서비스,서울,안정,406011.0,14327,28.34,정상,6,2024,1784734.0,1838299.0,1990961.0,1816694.6666666667,51.666666666666664,0,3,1,1946433.0
M0006,2024-07,1946433,50,50,38928.66,1827051.0,6.53,0.0,가맹점_6,IT서비스,서울,안정,467144.0,20377,22.93,정상,7,2024,1827051.0,1784734.0,1838299.0,1852739.3333333333,50.333333333333336,0,3,1,1707109.0
M0006,2024-08,1707109,53,52,32209.603773584906,1946433.0,-12.3,1.92,가맹점_6,IT서비스,서울,안정,393936.0,33239,11.85,정상,8,2024,1946433.0,1827051.0,1784734.0,1826864.3333333333,52.333333333333336,0,3,1,2508898.0
M0006,2024-09,2508898,66,66,38013.606060606064,1707109.0,46.97,0.0,가맹점_6,IT서비스,서울,안정,456163.0,26369,17.3,정상,9,2024,1707109.0,1946433.0,1827051.0,2054146.6666666667,56.333333333333336,0,3,1,1890165.0
M0006,2024-10,1890165,52,52,36349.32692307692,2508898.0,-24.66,0.0,가맹점_6,IT서비스,서울,안정,436192.0,11704,37.27,정상,10,2024,2508898.0,1707109.0,1946433.0,2035390.6666666667,57.0,0,3,1,2209315.0
M0006,2024-11,2209315,61,61,36218.27868852459,1890165.0,16.88,0.0,가맹점_6,IT서비스,서울,안정,434619.0,29073,14.95,정상,11,2024,1890165.0,2508898.0,1707109.0,2202792.6666666665,59.666666666666664,0,3,1,1959916.0
M0006,2024-12,1959916,56,55,34998.5,2209315.0,-11.29,1.82,가맹점_6,IT서비스,서울,안정,427626.0,11647,36.72,정상,12,2024,2209315.0,1890165.0,2508898.0,2019798.6666666667,56.333333333333336,0,3,1,1378032.0
M0006,2025-01,1378032,44,44,31318.909090909092,1959916.0,-29.69,0.0,가맹점_6,IT서비스,서울,안정,375827.0,24418,15.39,정상,1,2025,1959916.0,2209315.0,1890165.0,1849087.6666666667,53.666666666666664,0,3,1,1439926.0
M0006,2025-02,1439926,40,40,35998.15,1378032.0,4.49,0.0,가맹점_6,IT서비스,서울,안정,431978.0,25266,17.1,정상,2,2025,1378032.0,1959916.0,2209315.0,1592624.6666666667,46.666666666666664,0,3,1,1817275.0
M0006,2025-03,1817275,51,51,35632.8431372549,1439926.0,26.21,0.0,가맹점_6,IT서비스,서울,안정,427594.0,33736,12.67,정상,3,2025,1439926.0,1378032.0,1959916.0,1545077.6666666667,45.0,0,3,1,2040813.0
M0006,2025-04,2040813,62,62,32916.33870967742,1817275.0,12.3,0.0,가맹점_6,IT서비스,서울,안정,394996.0,28189,14.01,정상,4,2025,1817275.0,1439926.0,1378032.0,1766004.6666666667,51.0,0,3,1,1476166.0
M0006,2025-05,1476166,44,43,33549.22727272727,2040813.0,-27.67,2.33,가맹점_6,IT서비스,서울,안정,411971.0,19927,20.67,정상,5,2025,2040813.0,1817275.0,1439926.0,1778084.6666666667,52.333333333333336,0,3,1,2304711.0
M0006,2025-06,2304711,61,59,37782.147540983606,1476166.0,56.13,3.39,가맹점_6,IT서비스,서울,안정,468756.0,32789,14.3,정상,6,2025,1476166.0,2040813.0,1817275.0,1940563.3333333333,55.666666666666664,0,3,1,1811913.0
M0006,2025-07,1811913,51,51,35527.705882352944,2304711.0,-21.38,0.0,가맹점_6,IT서비스,서울,안정,426332.0,15184,28.08,정상,7,2025,2304711.0,1476166.0,2040813.0,1864263.3333333333,52.0,0,3,1,1397948.0
M0006,2025-08,1397948,46,45,30390.17391304348,1811913.0,-22.85,2.22,가맹점_6,IT서비스,서울,안정,372778.0,10811,34.48,정상,8,2025,1811913.0,2304711.0,1476166.0,1838190.6666666667,52.666666666666664,0,3,1,1853288.0
M0006,2025-09,1853288,52,52,35640.153846153844,1397948.0,32.57,0.0,가맹점_6,IT서비스,서울,안정,427682.0,8062,53.05,정상,9,2025,1397948.0,1811913.0,2304711.0,1687716.3333333333,49.666666666666664,0,3,1,1586933.0
M0006,2025-10,1586933,49,49,32386.38775510204,1853288.0,-14.37,0.0,가맹점_6,IT서비스,서울,안정,388637.0,28210,13.78,정상,10,2025,1853288.0,1397948.0,1811913.0,1612723.0,49.0,0,3,1,2115991.0
M0006,2025-11,2115991,58,58,36482.60344827586,1586933.0,33.34,0.0,가맹점_6,IT서비스,서울,안정,437791.0,25057,17.47,정상,11,2025,1586933.0,1853288.0,1397948.0,1852070.6666666667,53.0,0,3,1,1892385.0
M0006,2025-12,1892385,53,53,35705.377358490565,2115991.0,-10.57,0.0,가맹점_6,IT서비스,서울,안정,428465.0,23860,17.96,정상,12,2025,2115991.0,1586933.0,1853288.0,1865103.0,53.333333333333336,0,3,1,
M0007,2023-01,1785991,59,59,30271.033898305086,,,0.0,가맹점_7,음식점,인천,급성장,363252.0,9399,38.65,정상,1,2023,,,,1785991.0,59.0,4,4,0,2290264.0
M0007,2023-02,2290264,77,77,29743.68831168831,1785991.0,28.23,0.0,가맹점_7,음식점,인천,급성장,356924.0,33720,10.58,정상,2,2023,1785991.0,,,2038127.5,68.0,4,4,0,2505016.0
M0007,2023-03,2505016,80,80,31312.7,2290264.0,9.38,0.0,가맹점_7,음식점,인천,급성장,375752.0,18105,20.75,정상,3,2023,2290264.0,1785991.0,,2193757.0,72.0,4,4,0,2841204.0
M0007,2023-04,2841204,94,92,30225.574468085106,2505016.0,13.42,2.17,가맹점_7,음식점,인천,급성장,370578.0,34249,10.82,정상,4,2023,2505016.0,2290264.0,1785991.0,2545494.6666666665,83.66666666666667,4,4,0,2677400.0
M0007,2023-05,2677400,79,79,33891.13924050633,2841204.0,-5.77,0.0,가맹점_7,음식점,인천,급성장,406694.0,18632,21.83,정상,5,2023,2841204.0,2505016.0,2290264.0,2674540.0,84.33333333333333,4,4,0,7900711.0
M0007,2023-06,7900711,110,108,71824.64545454546,2677400.0,195.09,0.93,가맹점_7,음식점,인천,급성장,869911.0,30988,28.07,revenue_spike,6,2023,2677400.0,2841204.0,2505016.0,4473105.0,94.33333333333333,4,4,0,3121085.0
M0007,2023-07,3121085,96,94,32511.302083333332,7900711.0,-60.5,2.13,가맹점_7,음식점,인천,급성장,398446.0,24544,16.23,정상,7,2023,7900711.0,2677400.0,2841204.0,4566398.666666667,95.0,4,4,0,3254846.0
M0007,2023-08,3254846,99,97,32877.232323232325,3121085.0,4.29,2.06,가맹점_7,음식점,인천,급성장,402654.0,33939,11.86,정상,8,2023,3121085.0,7900711.0,2677400.0,4758880.666666667,101.66666666666667,4,4,0,3574595.0
M0007,2023-09,3574595,109,108,32794.449541284404,3254846.0,9.82,0.93,가맹점_7,음식점,인천,급성장,397193.0,18590,21.37,정상,9,2023,3254846.0,3121085.0,7900711.0,3316842.0,101.33333333333333,4,4,0,4042974.0
M0007,2023-10,4042974,115,114,35156.29565217391,3574595.0,13.1,0.88,가맹점_7,음식점,인천,급성장,425588.0,19350,21.99,정상,10,2023,3574595.0,3254846.0,3121085.0,3624138.3333333335,107.66666666666667,4,4,0,4160502.0
M0007,2023-11,4160502,130,129,32003.861538461537,4042974.0,2.91,0.78,가맹점_7,음식점,인천,급성장,387042.0,8663,44.68,정상,11,2023,4042974.0,3574595.0,3254846.0,3926023.6666666665,118.0,4,4,0,4123566.0
M0007,2023-12,4123566,119,117,34651.815126050424,4160502.0,-0.89,1.71,가맹점_7,음식점,인천,급성장,422932.0,14727,28.72,정상,12,2023,4160502.0,4042974.0,3574595.0,4109014.0,121.33333333333333,4,4,0,3173753.0
M0007,2024-01,3173753,97,97,32719.103092783505,4123566.0,-23.03,0.0,가맹점_7,음식점,인천,급성장,392629.0,24711,15.89,정상,1,2024,4123566.0,4160502.0,4042974.0,3819273.6666666665,115.33333333333333,4,4,0,3600171.0
M0007,2024-02,3600171,105,105,34287.34285714286,3173753.0,13.44,0.0,가맹점_7,음식점,인천,급성장,411448.0,30749,13.38,정상,2,2024,3173753.0,4123566.0,4160502.0,3632496.6666666665,107.0,4,4,0,3129798.0
M0007,2024-03,3129798,95,93,32945.242105263154,3600171.0,-13.07,2.15,가맹점_7,음식점,인천,급성장,403843.0,12994,31.08,정상,3,2024,3600171.0,3173753.0,4123566.0,3301240.6666666665,99.0,4,4,0,4086099.0
M0007,2024-04,4086099,117,117,34923.92307692308,3129798.0,30.55,0.0,가맹점_7,음식점,인천,급성장,419087.0,11273,37.18,정상,4,2024,3129798.0,3600171.0,3173753.0,3605356.0,105.66666666666667,4,4,0,4340857.0
M0007,2024-05,4340857,127,126,34179.97637795276,4086099.0,6.23,0.79,가맹점_7,음식점,인천,급성장,413400.0,27355,15.11,정상,5,2024,4086099.0,3129798.0,3600171.0,3852251.3333333335,113.0,4,4,0,5358410.0
M0007,2024-06,5358410,156,155,34348.782051282054,4340857.0,23.44,0.65,가맹점_7,음식점,인천,급성장,414865.0,28405,14.61,정상,6,2024,4340857.0,4086099.0,3129798.0,4595122.0,133.33333333333334,4,4,0,2839578.0
M0007,2024-07,2839578,88,86,32267.93181818182,5358410.0,-47.01,2.33,가맹점_7,음식점,인천,급성장,396237.0,10638,37.25,정상,7,2024,5358410.0,4340857.0,4086099.0,4179615.0,123.66666666666667,4,4,0,4959614.0
M0007,2024-08,4959614,140,140,35425.81428571429,2839578.0,74.66,0.0,가맹점_7,음식점,인천,급성장,425110.0,18089,23.5,정상,8,2024,2839578.0,5358410.0,4340857.0,4385867.333333333,128.0,4,4,0,4661124.0
M0007,2024-09,4661124,131,129,35581.099236641225,4959614.0,-6.02,1.55,가맹점_7,음식점,인천,급성장,433591.0,15041,28.83,정상,9,2024,4959614.0,2839578.0,5358410.0,4153438.6666666665,119.66666666666667,4,4,0,4583433.0
M0007,2024-10,4583433,126,126,36376.45238095238,4661124.0,-1.67,0.0,가맹점_7,음식점,인천,급성장,436517.0,26412,16.53,정상,10,2024,4661124.0,4959614.0,2839578.0,4734723.666666667,132.33333333333334,4,4,0,5000606.0
M0007,2024-11,5000606,146,144,34250.72602739726,4583433.0,9.1,1.39,가맹점_7,음식점,인천,급성장,416722.0,21286,19.58,정상,11,2024,4583433.0,4661124.0,4959614.0,4748387.666666667,134.33333333333334,4,4,0,5994008.0
M0007,2024-12,5994008,157,155,38178.3949044586,5000606.0,19.87,1.29,가맹점_7,음식점,인천,급성장,464051.0,25748,18.02,정상,12,2024,5000606.0,4583433.0,4661124.0,5192682.333333333,143.0,4,4,0,4379917.0
M0007,2025-01,4379917,126,125,34761.24603174603,5994008.0,-26.93,0.8,가맹점_7,음식점,인천,급성장,420472.0,33606,12.51,정상,1,2025,5994008.0,5000606.0,4583433.0,5124843.666666667,143.0,4,4,0,4705152.0
M0007,2025-02,4705152,130,129,36193.47692307692,4379917.0,7.43,0.78,가맹점_7,음식점,인천,급성장,437709.0,20966,20.88,정상,2,2025,4379917.0,5994008.0,5000606.0,5026359.0,137.66666666666666,4,4,0,4136794.0
M0007,2025-03,4136794,105,104,39398.038095238095,4705152.0,-12.08,0.96,가맹점_7,음식점,인천,급성장,477315.0,11919,40.05,정상,3,2025,4705152.0,4379917.0,5994008.0,4407287.666666667,120.33333333333333,4,4,0,6062773.0
M0007,2025-04,6062773,150,149,40418.486666666664,4136794.0,46.56,0.67,가맹점_7,음식점,인천,급성장,488271.0,27469,17.78,정상,4,2025,4136794.0,4705152.0,4379917.0,4968239.666666667,128.33333333333334,4,4,0,5932009.0
M0007,2025-05,5932009,150,148,39546.72666666667,6062773.0,-2.16,1.35,가맹점_7,음식점,인천,급성장,480967.0,19895,24.18,정상,5,2025,6062773.0,4136794.0,4705152.0,5377192.0,135.0,4,4,0,6542302.0
M0007,2025-06,6542302,161,159,40635.416149068325,5932009.0,10.29,1.26,가맹점_7,음식점,인천,급성장,493769.0,24055,20.53,정상,6,2025,5932009.0,6062773.0,4136794.0,6179028.0,153.66666666666666,4,4,0,6616739.0
M0007,2025-07,6616739,171,169,38694.380116959066,6542302.0,1.14,1.18,가맹점_7,음식점,인천,급성장,469812.0,17609,26.68,정상,7,2025,6542302.0,5932009.0,6062773.0,6363683.333333333,160.66666666666666,4,4,0,5999250.0
M0007,2025-08,5999250,156,156,38456.730769230766,6616739.0,-9.33,0.0,가맹점_7,음식점,인천,급성장,461481.0,33715,13.69,정상,8,2025,6616739.0,6542302.0,5932009.0,6386097.0,162.66666666666666,4,4,0,5366598.0
M0007,2025-09,5366598,139,137,38608.61870503597,5999250.0,-10.55,1.46,가맹점_7,음식점,인천,급성장,470068.0,25392,18.51,정상,9,2025,5999250.0,6616739.0,6542302.0,5994195.666666667,155.33333333333334,4,4,0,7000452.0
M0007,2025-10,7000452,167,163,41918.87425149701,5366598.0,30.44,2.45,가맹점_7,음식점,인천,급성장,515351.0,11517,44.75,정상,10,2025,5366598.0,5999250.0,6616739.0,6122100.0,154.0,4,4,0,7378916.0
M0007,2025-11,7378916,190,185,38836.4,7000452.0,5.41,2.7,가맹점_7,음식점,인천,급성장,478620.0,31585,15.15,정상,11,2025,7000452.0,5366598.0,5999250.0,6581988.666666667,165.33333333333334,4,4,0,7192777.0
M0007,2025-12,7192777,180,175,39959.87222222222,7378916.0,-2.52,2.86,가맹점_7,음식점,인천,급성장,493233.0,29473,16.74,정상,12,2025,7378916.0,7000452.0,5366598.0,7190715.0,179.0,4,4,0,
M0008,2023-01,1392752,43,42,32389.581395348836,,,2.38,가맹점_8,교육,인천,안정,397925.0,31331,12.7,정상,1,2023,,,,1392752.0,43.0,1,4,1,1365306.0
M0008,2023-02,1365306,49,49,27863.38775510204,1392752.0,-1.97,0.0,가맹점_8,교육,인천,안정,334361.0,8682,38.51,정상,2,2023,1392752.0,,,1379029.0,46.0,1,4,1,1431014.0
M0008,2023-03,1431014,52,51,27519.5,1365306.0,4.81,1.96,가맹점_8,교육,인천,안정,336707.0,26276,12.81,정상,3,2023,1365306.0,1392752.0,,1396357.3333333333,48.0,1,4,1,1059851.0
M0008,2023-04,1059851,36,36,29440.305555555555,1431014.0,-25.94,0.0,가맹점_8,교육,인천,안정,353284.0,19009,18.59,정상,4,2023,1431014.0,1365306.0,1392752.0,1285390.3333333333,45.666666666666664,1,4,1,1570801.0
M0008,2023-05,1570801,50,50,31416.02,1059851.0,48.21,0.0,가맹점_8,교육,인천,안정,376992.0,10478,35.98,정상,5,2023,1059851.0,1431014.0,1365306.0,1353888.6666666667,46.0,1,4,1,1321571.0
M0008,2023-06,1321571,44,44,30035.704545454544,1570801.0,-15.87,0.0,가맹점_8,교육,인천,안정,360428.0,29898,12.06,정상,6,2023,1570801.0,1059851.0,1431014.0,1317407.6666666667,43.333333333333336,1,4,1,1399827.0
M0008,2023-07,1399827,48,48,29163.0625,1321571.0,5.92,0.0,가맹점_8,교육,인천,안정,349957.0,33806,10.35,정상,7,2023,1321571.0,1570801.0,1059851.0,1430733.0,47.333333333333336,1,4,1,1236295.0
M0008,2023-08,1236295,40,40,30907.375,1399827.0,-11.68,0.0,가맹점_8,교육,인천,안정,370888.0,10891,34.05,정상,8,2023,1399827.0,1321571.0,1570801.0,1319231.0,44.0,1,4,1,1270442.0
M0008,2023-09,1270442,45,45,28232.044444444444,1236295.0,2.76,0.0,가맹점_8,교육,인천,안정,338785.0,31611,10.72,정상,9,2023,1236295.0,1399827.0,1321571.0,1302188.0,44.333333333333336,1,4,1,1269967.0
M0008,2023-10,1269967,43,43,29534.116279069767,1270442.0,-0.04,0.0,가맹점_8,교육,인천,안정,354409.0,14018,25.28,정상,10,2023,1270442.0,1236295.0,1399827.0,1258901.3333333333,42.666666666666664,1,4,1,1586906.0
M0008,2023-11,1586906,53,53,29941.622641509435,1269967.0,24.96,0.0,가맹점_8,교육,인천,안정,359299.0,14001,25.66,정상,11,2023,1269967.0,1270442.0,1236295.0,1375771.6666666667,47.0,1,4,1,4265536.0
M0008,2023-12,4265536,55,54,77555.2,1586906.0,168.8,1.85,가맹점_8,교육,인천,안정,947880.0,22112,42.87,revenue_spike,12,2023,1586906.0,1269967.0,1270442.0,2374136.3333333335,50.333333333333336,1,4,1,1266284.0
M0008,2024-01,1266284,43,43,29448.46511627907,4265536.0,-70.31,0.0,가맹점_8,교육,인천,안정,353382.0,19782,17.86,정상,1,2024,4265536.0,1586906.0,1269967.0,2372908.6666666665,50.333333333333336,1,4,1,1394290.0
M0008,2024-02,1394290,51,50,27339.019607843136,1266284.0,10.11,2.0,가맹점_8,교육,인천,안정,334630.0,22367,14.96,정상,2,2024,1266284.0,4265536.0,1586906.0,2308703.3333333335,49.666666666666664,1,4,1,1415507.0
M0008,2024-03,1415507,54,54,26213.09259259259,1394290.0,1.52,0.0,가맹점_8,교육,인천,안정,314557.0,23751,13.24,정상,3,2024,1394290.0,1266284.0,4265536.0,1358693.6666666667,49.333333333333336,1,4,1,1079403.0
M0008,2024-04,1079403,37,37,29173.054054054053,1415507.0,-23.74,0.0,가맹점_8,교육,인천,안정,350077.0,14099,24.83,정상,4,2024,1415507.0,1394290.0,1266284.0,1296400.0,47.333333333333336,1,4,1,1433721.0
M0008,2024-05,1433721,51,51,28112.176470588234,1079403.0,32.83,0.0,가맹점_8,교육,인천,안정,337346.0,34832,9.68,정상,5,2024,1079403.0,1415507.0,1394290.0,1309543.6666666667,47.333333333333336,1,4,1,1541540.0
M0008,2024-06,1541540,53,53,29085.66037735849,1433721.0,7.52,0.0,가맹점_8,교육,인천,안정,349028.0,12264,28.46,정상,6,2024,1433721.0,1079403.0,1415507.0,1351554.6666666667,47.0,1,4,1,1573570.0
M0008,2024-07,1573570,52,52,30260.96153846154,1541540.0,2.08,0.0,가맹점_8,교육,인천,안정,363132.0,29311,12.39,정상,7,2024,1541540.0,1433721.0,1079403.0,1516277.0,52.0,1,4,1,1124275.0
M0008,2024-08,1124275,40,40,28106.875,1573570.0,-28.55,0.0,가맹점_8,교육,인천,안정,337282.0,16719,20.17,정상,8,2024,1573570.0,1541540.0,1433721.0,1413128.3333333333,48.333333333333336,1,4,1,1156300.0
M0008,2024-09,1156300,38,38,30428.947368421053,1124275.0,2.85,0.0,가맹점_8,교육,인천,안정,365147.0,8032,45.46,정상,9,2024,1124275.0,1573570.0,1541540.0,1284715.0,43.333333333333336,1,4,1,1507327.0
M0008,2024-10,1507327,48,47,31402.645833333332,1156300.0,30.36,2.13,가맹점_8,교육,인천,안정,384858.0,25039,15.37,정상,10,2024,1156300.0,1124275.0,1573570.0,1262634.0,42.0,1,4,1,1337309.0
M0008,2024-11,1337309,49,49,27292.020408163266,1507327.0,-11.28,0.0,가맹점_8,교육,인천,안정,327504.0,30277,10.82,정상,11,2024,1507327.0,1156300.0,1124275.0,1333645.3333333333,45.0,1,4,1,1464912.0
M0008,2024-12,1464912,50,50,29298.24,1337309.0,9.54,0.0,가맹점_8,교육,인천,안정,351579.0,15972,22.01,정상,12,2024,1337309.0,1507327.0,1156300.0,1436516.0,49.0,1,4,1,1131030.0
M0008,2025-01,1131030,33,33,34273.63636363636,1464912.0,-22.79,0.0,가맹점_8,교육,인천,안정,411284.0,24635,16.7,정상,1,2025,1464912.0,1337309.0,1507327.0,1311083.6666666667,44.0,1,4,1,858704.0
M0008,2025-02,858704,30,30,28623.466666666667,1131030.0,-24.08,0.0,가맹점_8,교육,인천,안정,343482.0,18122,18.95,정상,2,2025,1131030.0,1464912.0,1337309.0,1151548.6666666667,37.666666666666664,1,4,1,1373832.0
M0008,2025-03,1373832,46,46,29865.91304347826,858704.0,59.99,0.0,가맹점_8,교육,인천,안정,358391.0,23342,15.35,정상,3,2025,858704.0,1131030.0,1464912.0,1121188.6666666667,36.333333333333336,1,4,1,1440180.0
M0008,2025-04,1440180,48,47,30003.75,1373832.0,4.83,2.13,가맹점_8,교육,인천,안정,367714.0,31464,11.69,정상,4,2025,1373832.0,858704.0,1131030.0,1224238.6666666667,41.333333333333336,1,4,1,1231527.0
M0008,2025-05,1231527,42,42,29322.071428571428,1440180.0,-14.49,0.0,가맹점_8,교육,인천,안정,351865.0,29303,12.01,정상,5,2025,1440180.0,1373832.0,858704.0,1348513.0,45.333333333333336,1,4,1,1538840.0
M0008,2025-06,1538840,49,48,31404.897959183672,1231527.0,24.95,2.08,가맹점_8,교육,인천,안정,384697.0,28449,13.52,정상,6,2025,1231527.0,1440180.0,1373832.0,1403515.6666666667,46.333333333333336,1,4,1,1962133.0
M0008,2025-07,1962133,66,66,29729.28787878788,1538840.0,27.51,0.0,가맹점_8,교육,인천,안정,356751.0,33207,10.74,정상,7,2025,1538840.0,1231527.0,1440180.0,1577500.0,52.333333333333336,1,4,1,1522925.0
M0008,2025-08,1522925,51,51,29861.274509803923,1962133.0,-22.38,0.0,가맹점_8,교육,인천,안정,358335.0,30550,11.73,정상,8,2025,1962133.0,1538840.0,1231527.0,1674632.6666666667,55.333333333333336,1,4,1,1228531.0
M0008,2025-09,1228531,44,44,27921.159090909092,1522925.0,-19.33,0.0,가맹점_8,교육,인천,안정,335054.0,16459,20.36,정상,9,2025,1522925.0,1962133.0,1538840.0,1571196.3333333333,53.666666666666664,1,4,1,1362758.0
M0008,2025-10,1362758,45,45,30283.51111111111,1228531.0,10.93,0.0,가맹점_8,교육,인천,안정,363402.0,12610,28.82,정상,10,2025,1228531.0,1522925.0,1962133.0,1371404.6666666667,46.666666666666664,1,4,1,1693781.0
M0008,2025-11,1693781,58,58,29203.120689655174,1362758.0,24.29,0.0,가맹점_8,교육,인천,안정,350437.0,31717,11.05,정상,11,2025,1362758.0,1228531.0,1522925.0,1428356.6666666667,49.0,1,4,1,1169826.0
M0008,2025-12,1169826,45,45,25996.133333333335,1693781.0,-30.93,0.0,가맹점_8,교육,인천,안정,311954.0,20174,15.46,정상,12,2025,1693781.0,1362758.0,1228531.0,1408788.3333333333,49.333333333333336,1,4,1,
M0009,2023-01,3180777,80,78,39759.7125,,,2.56,가맹점_9,카페,경기,안정,489331.0,23136,21.15,정상,1,2023,,,,3180777.0,80.0,6,0,1,3127683.0
M0009,2023-02,3127683,82,80,38142.4756097561,3180777.0,-1.67,2.5,가맹점_9,카페,경기,안정,469152.0,28795,16.29,정상,2,2023,3180777.0,,,3154230.0,81.0,6,0,1,3759545.0
M0009,2023-03,3759545,94,94,39995.15957446808,3127683.0,20.2,0.0,가맹점_9,카페,경기,안정,479942.0,34743,13.81,정상,3,2023,3127683.0,3180777.0,,3356001.6666666665,85.33333333333333,6,0,1,2868709.0
M0009,2023-04,2868709,80,79,35858.8625,3759545.0,-23.7,1.27,가맹점_9,카페,경기,안정,435771.0,25732,16.93,정상,4,2023,3759545.0,3127683.0,3180777.0,3251979.0,85.33333333333333,6,0,1,3870309.0
M0009,2023-05,3870309,96,95,40315.71875,2868709.0,34.91,1.05,가맹점_9,카페,경기,안정,488868.0,10111,48.35,정상,5,2023,2868709.0,3759545.0,3127683.0,3499521.0,90.0,6,0,1,3615540.0
M0009,2023-06,3615540,100,99,36155.4,3870309.0,-6.58,1.01,가맹점_9,카페,경기,안정,438247.0,13668,32.06,정상,6,2023,3870309.0,2868709.0,3759545.0,3451519.3333333335,92.0,6,0,1,3810717.0
M0009,2023-07,3810717,103,103,36997.25242718447,3615540.0,5.4,0.0,가맹점_9,카페,경기,안정,443967.0,23875,18.6,정상,7,2023,3615540.0,3870309.0,2868709.0,3765522.0,99.66666666666667,6,0,1,3993281.0
M0009,2023-08,3993281,117,116,34130.606837606836,3810717.0,4.79,0.86,가맹점_9,카페,경기,안정,413090.0,9428,43.82,정상,8,2023,3810717.0,3615540.0,3870309.0,3806512.6666666665,106.66666666666667,6,0,1,3532462.0
M0009,2023-09,3532462,95,94,37183.81052631579,3993281.0,-11.54,1.06,가맹점_9,카페,경기,안정,450936.0,15399,29.28,정상,9,2023,3993281.0,3810717.0,3615540.0,3778820.0,105.0,6,0,1,3685346.0
M0009,2023-10,3685346,100,97,36853.46,3532462.0,4.33,3.09,가맹점_9,카페,경기,안정,455907.0,11628,39.21,정상,10,2023,3532462.0,3993281.0,3810717.0,3737029.6666666665,104.0,6,0,1,4402975.0
M0009,2023-11,4402975,126,125,34944.24603174603,3685346.0,19.47,0.8,가맹점_9,카페,경기,안정,422686.0,26587,15.9,정상,11,2023,3685346.0,3532462.0,3993281.0,3873594.3333333335,107.0,6,0,1,4222102.0
M0009,2023-12,4222102,118,118,35780.52542372881,4402975.0,-4.11,0.0,가맹점_9,카페,경기,안정,429366.0,28151,15.25,정상,12,2023,4402975.0,3685346.0,3532462.0,4103474.3333333335,114.66666666666667,6,0,1,2946988.0
M0009,2024-01,2946988,80,79,36837.35,4222102.0,-30.2,1.27,가맹점_9,카페,경기,안정,447662.0,27791,16.11,정상,1,2024,4222102.0,4402975.0,3685346.0,3857355.0,108.0,6,0,1,2822825.0
M0009,2024-02,2822825,77,76,36660.06493506493,2946988.0,-4.21,1.32,가맹점_9,카페,경기,안정,445728.0,23003,19.38,정상,2,2024,2946988.0,4222102.0,4402975.0,3330638.3333333335,91.66666666666667,6,0,1,4020499.0
M0009,2024-03,4020499,114,113,35267.5350877193,2822825.0,42.43,0.88,가맹점_9,카페,경기,안정,426935.0,16124,26.48,정상,3,2024,2822825.0,2946988.0,4222102.0,3263437.3333333335,90.33333333333333,6,0,1,3864073.0
M0009,2024-04,3864073,99,96,39031.0404040404,4020499.0,-3.89,3.12,가맹점_9,카페,경기,안정,482986.0,13564,35.61,정상,4,2024,4020499.0,2822825.0,2946988.0,3569132.3333333335,96.66666666666667,6,0,1,3255961.0
M0009,2024-05,3255961,85,83,38305.42352941177,3864073.0,-15.74,2.41,가맹점_9,카페,경기,안정,470743.0,15933,29.55,정상,5,2024,3864073.0,4020499.0,2822825.0,3713511.0,99.33333333333333,6,0,1,3630250.0
M0009,2024-06,3630250,95,95,38213.15789473684,3255961.0,11.5,0.0,가맹점_9,카페,경기,안정,458558.0,9925,46.2,정상,6,2024,3255961.0,3864073.0,4020499.0,3583428.0,93.0,6,0,1,4206977.0
M0009,2024-07,4206977,118,117,35652.34745762712,3630250.0,15.89,0.85,가맹점_9,카페,경기,안정,431465.0,8726,49.45,정상,7,2024,3630250.0,3255961.0,3864073.0,3697729.3333333335,99.33333333333333,6,0,1,3943001.0
M0009,2024-08,3943001,100,98,39430.01,4206977.0,-6.27,2.04,가맹점_9,카페,경기,안정,482813.0,16194,29.81,정상,8,2024,4206977.0,3630250.0,3255961.0,3926742.6666666665,104.33333333333333,6,0,1,4216164.0
M0009,2024-09,4216164,116,113,36346.24137931035,3943001.0,6.93,2.65,가맹점_9,카페,경기,안정,447713.0,8334,53.72,정상,9,2024,3943001.0,4206977.0,3630250.0,4122047.3333333335,111.33333333333333,6,0,1,3381049.0
M0009,2024-10,3381049,104,103,32510.08653846154,4216164.0,-19.81,0.97,가맹점_9,카페,경기,안정,393905.0,9465,41.62,정상,10,2024,4216164.0,3943001.0,4206977.0,3846738.0,106.66666666666667,6,0,1,4462945.0
M0009,2024-11,4462945,108,105,41323.56481481482,3381049.0,32.0,2.86,가맹점_9,카페,경기,안정,510065.0,23608,21.61,정상,11,2024,3381049.0,4216164.0,3943001.0,4020052.6666666665,109.33333333333333,6,0,1,3722245.0
M0009,2024-12,3722245,109,107,34149.036697247706,4462945.0,-16.6,1.87,가맹점_9,카페,경기,안정,417451.0,18316,22.79,정상,12,2024,4462945.0,3381049.0,4216164.0,3855413.0,107.0,6,0,1,2751851.0
M0009,2025-01,2751851,72,71,38220.15277777778,3722245.0,-26.07,1.41,가맹점_9,카페,경기,안정,465109.0,11630,39.99,정상,1,2025,3722245.0,4462945.0,3381049.0,3645680.3333333335,96.33333333333333,6,0,1,3377394.0
M0009,2025-02,3377394,91,89,37114.21978021978,2751851.0,22.73,2.25,가맹점_9,카페,경기,안정,455391.0,18175,25.06,정상,2,2025,2751851.0,3722245.0,4462945.0,3283830.0,90.66666666666667,6,0,1,3839489.0
M0009,2025-03,3839489,102,99,37642.049019607846,3377394.0,13.68,3.03,가맹점_9,카페,경기,안정,465391.0,16956,27.45,정상,3,2025,3377394.0,2751851.0,3722245.0,3322911.3333333335,88.33333333333333,6,0,1,3493636.0
M0009,2025-04,3493636,90,90,38818.177777777775,3839489.0,-9.01,0.0,가맹점_9,카페,경기,안정,465818.0,20359,22.88,정상,4,2025,3839489.0,3377394.0,2751851.0,3570173.0,94.33333333333333,6,0,1,2910438.0
M0009,2025-05,2910438,79,78,36840.987341772154,3493636.0,-16.69,1.28,가맹점_9,카페,경기,안정,447751.0,23126,19.36,정상,5,2025,3493636.0,3839489.0,3377394.0,3414521.0,90.33333333333333,6,0,1,3347251.0
M0009,2025-06,3347251,87,84,38474.14942528736,2910438.0,15.01,3.57,가맹점_9,카페,경기,안정,478172.0,15152,31.56,정상,6,2025,2910438.0,3493636.0,3839489.0,3250441.6666666665,85.33333333333333,6,0,1,3812664.0
M0009,2025-07,3812664,96,95,39715.25,3347251.0,13.9,1.05,가맹점_9,카페,경기,안정,481587.0,15819,30.44,정상,7,2025,3347251.0,2910438.0,3493636.0,3356784.3333333335,87.33333333333333,6,0,1,3733134.0
M0009,2025-08,3733134,98,95,38093.204081632655,3812664.0,-2.09,3.16,가맹점_9,카페,경기,안정,471563.0,30485,15.47,정상,8,2025,3812664.0,3347251.0,2910438.0,3631016.3333333335,93.66666666666667,6,0,1,9280833.0
M0009,2025-09,9280833,100,98,92808.33,3733134.0,148.61,2.04,가맹점_9,카페,경기,안정,1136419.0,22355,50.84,revenue_spike,9,2025,3733134.0,3812664.0,3347251.0,5608877.0,98.0,6,0,1,3486837.0
M0009,2025-10,3486837,97,95,35946.77319587629,9280833.0,-62.43,2.11,가맹점_9,카페,경기,안정,440463.0,24245,18.17,정상,10,2025,9280833.0,3733134.0,3812664.0,5500268.0,98.33333333333333,6,0,1,4097537.0
M0009,2025-11,4097537,115,114,35630.75652173913,3486837.0,17.51,0.88,가맹점_9,카페,경기,안정,431332.0,25351,17.01,정상,11,2025,3486837.0,9280833.0,3733134.0,5621735.666666667,104.0,6,0,1,4659667.0
M0009,2025-12,4659667,112,111,41604.169642857145,4097537.0,13.72,0.9,가맹점_9,카페,경기,안정,503743.0,32872,15.32,정상,12,2025,4097537.0,3486837.0,9280833.0,4081347.0,108.0,6,0,1,
M0010,2023-01,1137357,30,30,37911.9,,,0.0,가맹점_10,음식점,대구,정체,454943.0,25196,18.06,정상,1,2023,,,,1137357.0,30.0,4,1,2,1745547.0
M0010,2023-02,1745547,38,38,45935.44736842105,1137357.0,53.47,0.0,가맹점_10,음식점,대구,정체,551225.0,16622,33.16,정상,2,2023,1137357.0,,,1441452.0,34.0,4,1,2,1608270.0
M0010,2023-03,1608270,39,39,41237.692307692305,1745547.0,-7.86,0.0,가맹점_10,음식점,대구,정체,494852.0,23806,20.79,정상,3,2023,1745547.0,1137357.0,,1497058.0,35.666666666666664,4,1,2,1451298.0
M0010,2023-04,1451298,37,37,39224.27027027027,1608270.0,-9.76,0.0,가맹점_10,음식점,대구,정체,470691.0,16243,28.98,정상,4,2023,1608270.0,1745547.0,1137357.0,1601705.0,38.0,4,1,2,1514538.0
M0010,2023-05,1514538,36,36,42070.5,1451298.0,4.36,0.0,가맹점_10,음식점,대구,정체,504846.0,34801,14.51,정상,5,2023,1451298.0,1608270.0,1745547.0,1524702.0,37.333333333333336,4,1,2,2316415.0
M0010,2023-06,2316415,57,57,40638.85964912281,1514538.0,52.95,0.0,가맹점_10,음식점,대구,정체,487666.0,34692,14.06,정상,6,2023,1514538.0,1451298.0,1608270.0,1760750.3333333333,43.333333333333336,4,1,2,1944084.0
M0010,2023-07,1944084,50,50,38881.68,2316415.0,-16.07,0.0,가맹점_10,음식점,대구,정체,466580.0,12658,36.86,정상,7,2023,2316415.0,1514538.0,1451298.0,1925012.3333333333,47.666666666666664,4,1,2,2360964.0
M0010,2023-08,2360964,54,54,43721.555555555555,1944084.0,21.44,0.0,가맹점_10,음식점,대구,정체,524659.0,15709,33.4,정상,8,2023,1944084.0,2316415.0,1514538.0,2207154.3333333335,53.666666666666664,4,1,2,1898182.0
M0010,2023-09,1898182,48,48,39545.458333333336,2360964.0,-19.6,0.0,가맹점_10,음식점,대구,정체,474546.0,26056,18.21,정상,9,2023,2360964.0,1944084.0,2316415.0,2067743.3333333333,50.666666666666664,4,1,2,1970548.0
M0010,2023-10,1970548,50,50,39410.96,1898182.0,3.81,0.0,가맹점_10,음식점,대구,정체,472932.0,24405,19.38,정상,10,2023,1898182.0,2360964.0,1944084.0,2076564.6666666667,50.666666666666664,4,1,2,2212500.0
M0010,2023-11,2212500,54,53,40972.22222222222,1970548.0,12.28,1.89,가맹점_10,음식점,대구,정체,500959.0,30558,16.39,정상,11,2023,1970548.0,1898182.0,2360964.0,2027076.6666666667,50.666666666666664,4,1,2,1555473.0
M0010,2023-12,1555473,37,36,42039.81081081081,2212500.0,-29.7,2.78,가맹점_10,음식점,대구,정체,518502.0,22626,22.92,정상,12,2023,2212500.0,1970548.0,1898182.0,1912840.3333333333,47.0,4,1,2,1494612.0
M0010,2024-01,1494612,38,38,39331.89473684211,1555473.0,-3.91,0.0,가맹점_10,음식점,대구,정체,471983.0,25364,18.61,정상,1,2024,1555473.0,2212500.0,1970548.0,1754195.0,43.0,4,1,2,1825686.0
M0010,2024-02,1825686,39,39,46812.46153846154,1494612.0,22.15,0.0,가맹점_10,음식점,대구,정체,561750.0,8653,64.92,정상,2,2024,1494612.0,1555473.0,2212500.0,1625257.0,38.0,4,1,2,1609321.0
M0010,2024-03,1609321,41,41,39251.73170731707,1825686.0,-11.85,0.0,가맹점_10,음식점,대구,정체,471021.0,27129,17.36,정상,3,2024,1825686.0,1494612.0,1555473.0,1643206.3333333333,39.333333333333336,4,1,2,1347278.0
M0010,2024-04,1347278,35,35,38493.65714285714,1609321.0,-16.28,0.0,가맹점_10,음식점,대구,정체,461924.0,34383,13.43,정상,4,2024,1609321.0,1825686.0,1494612.0,1594095.0,38.333333333333336,4,1,2,1551426.0
M0010,2024-05,1551426,40,40,38785.65,1347278.0,15.15,0.0,가맹점_10,음식점,대구,정체,465428.0,15013,31.0,정상,5,2024,1347278.0,1609321.0,1825686.0,1502675.0,38.666666666666664,4,1,2,1840867.0
M0010,2024-06,1840867,43,43,42810.86046511628,1551426.0,18.66,0.0,가맹점_10,음식점,대구,정체,513730.0,31905,16.1,정상,6,2024,1551426.0,1347278.0,1609321.0,1579857.0,39.333333333333336,4,1,2,1779916.0
M0010,2024-07,1779916,43,43,41393.395348837206,1840867.0,-3.31,0.0,가맹점_10,음식점,대구,정체,496721.0,24655,20.15,정상,7,2024,1840867.0,1551426.0,1347278.0,1724069.6666666667,42.0,4,1,2,1840955.0
M0010,2024-08,1840955,46,46,40020.760869565216,1779916.0,3.43,0.0,가맹점_10,음식점,대구,정체,480249.0,22360,21.48,정상,8,2024,1779916.0,1840867.0,1551426.0,1820579.3333333333,44.0,4,1,2,1804737.0
M0010,2024-09,1804737,42,42,42969.92857142857,1840955.0,-1.97,0.0,가맹점_10,음식점,대구,정체,515639.0,13241,38.94,정상,9,2024,1840955.0,1779916.0,1840867.0,1808536.0,43.666666666666664,4,1,2,1293787.0
M0010,2024-10,1293787,33,33,39205.666666666664,1804737.0,-28.31,0.0,가맹점_10,음식점,대구,정체,470468.0,32620,14.42,정상,10,2024,1804737.0,1840955.0,1779916.0,1646493.0,40.333333333333336,4,1,2,2242878.0
M0010,2024-11,2242878,55,54,40779.6,1293787.0,73.36,1.85,가맹점_10,음식점,대구,정체,498408.0,27111,18.38,정상,11,2024,1293787.0,1804737.0,1840955.0,1780467.3333333333,43.333333333333336,4,1,2,2443271.0
M0010,2024-12,2443271,59,59,41411.372881355936,2242878.0,8.93,0.0,가맹점_10,음식점,대구,정체,496936.0,18471,26.9,정상,12,2024,2242878.0,1293787.0,1804737.0,1993312.0,49.0,4,1,2,951126.0
M0010,2025-01,951126,25,25,38045.04,2443271.0,-61.07,0.0,가맹점_10,음식점,대구,정체,456540.0,27786,16.43,정상,1,2025,2443271.0,2242878.0,1293787.0,1879091.6666666667,46.333333333333336,4,1,2,1414376.0
M0010,2025-02,1414376,37,37,38226.37837837838,951126.0,48.71,0.0,가맹점_10,음식점,대구,정체,458717.0,32465,14.13,정상,2,2025,951126.0,2443271.0,2242878.0,1602924.3333333333,40.333333333333336,4,1,2,1712102.0
M0010,2025-03,1712102,41,40,41758.58536585366,1414376.0,21.05,2.5,가맹점_10,음식점,대구,정체,513631.0,8007,64.15,정상,3,2025,1414376.0,951126.0,2443271.0,1359201.3333333333,34.333333333333336,4,1,2,1461866.0
M0010,2025-04,1461866,37,37,39509.89189189189,1712102.0,-14.62,0.0,가맹점_10,음식점,대구,정체,474119.0,19726,24.04,정상,4,2025,1712102.0,1414376.0,951126.0,1529448.0,38.333333333333336,4,1,2,1826708.0
M0010,2025-05,1826708,45,45,40593.51111111111,1461866.0,24.96,0.0,가맹점_10,음식점,대구,정체,487122.0,28968,16.82,정상,5,2025,1461866.0,1712102.0,1414376.0,1666892.0,41.0,4,1,2,1755864.0
M0010,2025-06,1755864,45,45,39019.2,1826708.0,-3.88,0.0,가맹점_10,음식점,대구,정체,468230.0,18195,25.73,정상,6,2025,1826708.0,1461866.0,1712102.0,1681479.3333333333,42.333333333333336,4,1,2,1838650.0
M0010,2025-07,1838650,49,49,37523.4693877551,1755864.0,4.71,0.0,가맹점_10,음식점,대구,정체,450282.0,32531,13.84,정상,7,2025,1755864.0,1826708.0,1461866.0,1807074.0,46.333333333333336,4,1,2,2656320.0
M0010,2025-08,2656320,59,58,45022.372881355936,1838650.0,44.47,1.72,가맹점_10,음식점,대구,정체,549561.0,13326,41.24,정상,8,2025,1838650.0,1755864.0,1826708.0,2083611.3333333333,51.0,4,1,2,1811063.0
M0010,2025-09,1811063,46,45,39370.934782608696,2656320.0,-31.82,2.22,가맹점_10,음식점,대구,정체,482940.0,31286,15.44,정상,9,2025,2656320.0,1838650.0,1755864.0,2102011.0,51.333333333333336,4,1,2,6519484.0
M0010,2025-10,6519484,61,61,106876.7868852459,1811063.0,259.98,0.0,가맹점_10,음식점,대구,정체,1282521.0,30749,41.71,revenue_spike,10,2025,1811063.0,2656320.0,1838650.0,3662289.0,55.333333333333336,4,1,2,1323020.0
M0010,2025-11,1323020,35,35,37800.57142857143,6519484.0,-79.71,0.0,가맹점_10,음식점,대구,정체,453607.0,12797,35.45,정상,11,2025,6519484.0,1811063.0,2656320.0,3217855.6666666665,47.333333333333336,4,1,2,1409543.0
M0010,2025-12,1409543,34,34,41457.14705882353,1323020.0,6.54,0.0,가맹점_10,음식점,대구,정체,497486.0,22519,22.09,정상,12,2025,1323020.0,6519484.0,1811063.0,3084015.6666666665,43.333333333333336,4,1,2,
M0011,2023-01,2060814,75,75,27477.52,,,0.0,가맹점_11,피트니스,서울,안정,329730.0,26978,12.22,정상,1,2023,,,,2060814.0,75.0,7,3,1,2173563.0
M0011,2023-02,2173563,82,82,26506.865853658535,2060814.0,5.47,0.0,가맹점_11,피트니스,서울,안정,318082.0,33991,9.36,정상,2,2023,2060814.0,,,2117188.5,78.5,7,3,1,2053225.0
M0011,2023-03,2053225,81,81,25348.456790123455,2173563.0,-5.54,0.0,가맹점_11,피트니스,서울,안정,304181.0,15668,19.41,정상,3,2023,2173563.0,2060814.0,,2095867.3333333333,79.33333333333333,7,3,1,2410734.0
M0011,2023-04,2410734,97,97,24852.927835051545,2053225.0,17.41,0.0,가맹점_11,피트니스,서울,안정,298235.0,24515,12.17,정상,4,2023,2053225.0,2173563.0,2060814.0,2212507.3333333335,86.66666666666667,7,3,1,2264669.0
M0011,2023-05,2264669,91,91,24886.472527472528,2410734.0,-6.06,0.0,가맹점_11,피트니스,서울,안정,298638.0,9124,32.73,정상,5,2023,2410734.0,2053225.0,2173563.0,2242876.0,89.66666666666667,7,3,1,2568044.0
M0011,2023-06,2568044,100,97,25680.44,2264669.0,13.4,3.09,가맹점_11,피트니스,서울,안정,317688.0,32672,9.72,정상,6,2023,2264669.0,2410734.0,2053225.0,2414482.3333333335,96.0,7,3,1,2877555.0
M0011,2023-07,2877555,109,106,26399.5871559633,2568044.0,12.05,2.83,가맹점_11,피트니스,서울,안정,325760.0,18778,17.35,정상,7,2023,2568044.0,2264669.0,2410734.0,2570089.3333333335,100.0,7,3,1,2454622.0
M0011,2023-08,2454622,95,94,25838.126315789475,2877555.0,-14.7,1.06,가맹점_11,피트니스,서울,안정,313344.0,20820,15.05,정상,8,2023,2877555.0,2568044.0,2264669.0,2633407.0,101.33333333333333,7,3,1,2160586.0
M0011,2023-09,2160586,84,82,25721.261904761905,2454622.0,-11.98,2.44,가맹점_11,피트니스,서울,안정,316186.0,18735,16.88,정상,9,2023,2454622.0,2877555.0,2568044.0,2497587.6666666665,96.0,7,3,1,2299428.0
M0011,2023-10,2299428,96,96,23952.375,2160586.0,6.43,0.0,가맹점_11,피트니스,서울,안정,287428.0,34820,8.25,정상,10,2023,2160586.0,2454622.0,2877555.0,2304878.6666666665,91.66666666666667,7,3,1,2438524.0
M0011,2023-11,2438524,98,97,24882.897959183672,2299428.0,6.05,1.03,가맹점_11,피트니스,서울,안정,301670.0,32066,9.41,정상,11,2023,2299428.0,2160586.0,2454622.0,2299512.6666666665,92.66666666666667,7,3,1,2330249.0
M0011,2023-12,2330249,94,93,24789.882978723403,2438524.0,-4.44,1.08,가맹점_11,피트니스,서울,안정,300691.0,18809,15.99,정상,12,2023,2438524.0,2299428.0,2160586.0,2356067.0,96.0,7,3,1,3728875.0
M0011,2024-01,3728875,74,74,50390.2027027027,2330249.0,60.02,0.0,가맹점_11,피트니스,서울,안정,604682.0,31628,19.12,aov_spike,1,2024,2330249.0,2438524.0,2299428.0,2832549.3333333335,88.66666666666667,7,3,1,2108188.0
M0011,2024-02,2108188,86,86,24513.81395348837,3728875.0,-43.46,0.0,가맹점_11,피트니스,서울,안정,294166.0,17244,17.06,정상,2,2024,3728875.0,2330249.0,2438524.0,2722437.3333333335,84.66666666666667,7,3,1,2576345.0
M0011,2024-03,2576345,95,95,27119.42105263158,2108188.0,22.21,0.0,가맹점_11,피트니스,서울,안정,325433.0,22139,14.7,정상,3,2024,2108188.0,3728875.0,2330249.0,2804469.3333333335,85.0,7,3,1,2006521.0
M0011,2024-04,2006521,74,74,27115.14864864865,2576345.0,-22.12,0.0,가맹점_11,피트니스,서울,안정,325382.0,34449,9.45,정상,4,2024,2576345.0,2108188.0,3728875.0,2230351.3333333335,85.0,7,3,1,2722681.0
M0011,2024-05,2722681,106,105,25685.669811320753,2006521.0,35.69,0.95,가맹점_11,피트니스,서울,안정,311156.0,27821,11.18,정상,5,2024,2006521.0,2576345.0,2108188.0,2435182.3333333335,91.66666666666667,7,3,1,2622994.0
M0011,2024-06,2622994,101,100,25970.237623762376,2722681.0,-3.66,1.0,가맹점_11,피트니스,서울,안정,314759.0,29232,10.77,정상,6,2024,2722681.0,2006521.0,2576345.0,2450732.0,93.66666666666667,7,3,1,2147467.0
M0011,2024-07,2147467,87,86,24683.528735632182,2622994.0,-18.13,1.16,가맹점_11,피트니스,서울,안정,299638.0,15685,19.1,정상,7,2024,2622994.0,2722681.0,2006521.0,2497714.0,98.0,7,3,1,2437763.0
M0011,2024-08,2437763,92,92,26497.42391304348,2147467.0,13.52,0.0,가맹점_11,피트니스,서울,안정,317969.0,17366,18.31,정상,8,2024,2147467.0,2622994.0,2722681.0,2402741.3333333335,93.33333333333333,7,3,1,2183781.0
M0011,2024-09,2183781,87,84,25100.931034482757,2437763.0,-10.42,3.57,가맹점_11,피트니스,서울,안정,311964.0,11443,27.26,정상,9,2024,2437763.0,2147467.0,2622994.0,2256337.0,88.66666666666667,7,3,1,2395673.0
M0011,2024-10,2395673,91,90,26326.076923076922,2183781.0,9.7,1.11,가맹점_11,피트니스,서울,안정,319420.0,14638,21.82,정상,10,2024,2183781.0,2437763.0,2147467.0,2339072.3333333335,90.0,7,3,1,2681396.0
M0011,2024-11,2681396,106,102,25296.188679245282,2395673.0,11.93,2.94,가맹점_11,피트니스,서울,안정,312479.0,27420,11.4,정상,11,2024,2395673.0,2183781.0,2437763.0,2420283.3333333335,94.66666666666667,7,3,1,2809134.0
M0011,2024-12,2809134,104,98,27010.903846153848,2681396.0,4.76,6.12,가맹점_11,피트니스,서울,안정,343968.0,32433,10.61,정상,12,2024,2681396.0,2395673.0,2183781.0,2628734.3333333335,100.33333333333333,7,3,1,2128269.0
M0011,2025-01,2128269,80,80,26603.3625,2809134.0,-24.24,0.0,가맹점_11,피트니스,서울,안정,319240.0,29031,11.0,정상,1,2025,2809134.0,2681396.0,2395673.0,2539599.6666666665,96.66666666666667,7,3,1,2891308.0
M0011,2025-02,2891308,106,106,27276.490566037737,2128269.0,35.85,0.0,가맹점_11,피트니스,서울,안정,327318.0,30513,10.73,정상,2,2025,2128269.0,2809134.0,2681396.0,2609570.3333333335,96.66666666666667,7,3,1,2751962.0
M0011,2025-03,2751962,111,110,24792.45045045045,2891308.0,-4.82,0.91,가맹점_11,피트니스,서울,안정,300217.0,12815,23.43,정상,3,2025,2891308.0,2128269.0,2809134.0,2590513.0,99.0,7,3,1,2375615.0
M0011,2025-04,2375615,89,89,26692.303370786518,2751962.0,-13.68,0.0,가맹점_11,피트니스,서울,안정,320308.0,8468,37.83,정상,4,2025,2751962.0,2891308.0,2128269.0,2672961.6666666665,102.0,7,3,1,2533136.0
M0011,2025-05,2533136,96,94,26386.833333333332,2375615.0,6.63,2.13,가맹점_11,피트니스,서울,안정,323386.0,25335,12.76,정상,5,2025,2375615.0,2751962.0,2891308.0,2553571.0,98.66666666666667,7,3,1,2370875.0
M0011,2025-06,2370875,95,95,24956.57894736842,2533136.0,-6.41,0.0,가맹점_11,피트니스,서울,안정,299479.0,9190,32.59,정상,6,2025,2533136.0,2375615.0,2751962.0,2426542.0,93.33333333333333,7,3,1,1883189.0
M0011,2025-07,1883189,71,71,26523.788732394365,2370875.0,-20.57,0.0,가맹점_11,피트니스,서울,안정,318285.0,9580,33.22,정상,7,2025,2370875.0,2533136.0,2375615.0,2262400.0,87.33333333333333,7,3,1,2277404.0
M0011,2025-08,2277404,92,92,24754.391304347828,1883189.0,20.93,0.0,가맹점_11,피트니스,서울,안정,297053.0,24548,12.1,정상,8,2025,1883189.0,2370875.0,2533136.0,2177156.0,86.0,7,3,1,2167185.0
M0011,2025-09,2167185,91,90,23815.21978021978,2277404.0,-4.84,1.11,가맹점_11,피트니스,서울,안정,288955.0,16602,17.4,정상,9,2025,2277404.0,1883189.0,2370875.0,2109259.3333333335,84.66666666666667,7,3,1,2712352.0
M0011,2025-10,2712352,108,106,25114.37037037037,2167185.0,25.16,1.89,가맹점_11,피트니스,서울,안정,307068.0,20950,14.66,정상,10,2025,2167185.0,2277404.0,1883189.0,2385647.0,97.0,7,3,1,1979642.0
M0011,2025-11,1979642,86,86,23019.093023255813,2712352.0,-27.01,0.0,가맹점_11,피트니스,서울,안정,276229.0,16341,16.9,정상,11,2025,2712352.0,2167185.0,2277404.0,2286393.0,95.0,7,3,1,2516215.0
M0011,2025-12,2516215,99,99,25416.31313131313,1979642.0,27.1,0.0,가맹점_11,피트니스,서울,안정,304996.0,30726,9.93,정상,12,2025,1979642.0,2712352.0,2167185.0,2402736.3333333335,97.66666666666667,7,3,1,
M0012,2023-01,3507673,94,94,37315.67021276596,,,0.0,가맹점_12,배달,대구,정체,447788.0,24648,18.17,정상,1,2023,,,,3507673.0,94.0,2,1,2,3625562.0
M0012,2023-02,3625562,105,104,34529.1619047619,3507673.0,3.36,0.96,가맹점_12,배달,대구,정체,418328.0,30740,13.61,정상,2,2023,3507673.0,,,3566617.5,99.5,2,1,2,4082293.0
M0012,2023-03,4082293,103,101,39633.912621359224,3625562.0,12.6,1.98,가맹점_12,배달,대구,정체,485024.0,22722,21.35,정상,3,2023,3625562.0,3507673.0,,3738509.3333333335,100.66666666666667,2,1,2,3432923.0
M0012,2023-04,3432923,90,88,38143.58888888889,4082293.0,-15.91,2.27,가맹점_12,배달,대구,정체,468113.0,18260,25.64,정상,4,2023,4082293.0,3625562.0,3507673.0,3713592.6666666665,99.33333333333333,2,1,2,3903171.0
M0012,2023-05,3903171,105,104,37173.05714285714,3432923.0,13.7,0.96,가맹점_12,배달,대구,정체,450359.0,30100,14.96,정상,5,2023,3432923.0,4082293.0,3625562.0,3806129.0,99.33333333333333,2,1,2,2687089.0
M0012,2023-06,2687089,75,73,35827.85333333333,3903171.0,-31.16,2.74,가맹점_12,배달,대구,정체,441714.0,19772,22.34,정상,6,2023,3903171.0,3432923.0,4082293.0,3341061.0,90.0,2,1,2,4662572.0
M0012,2023-07,4662572,124,124,37601.3870967742,2687089.0,73.52,0.0,가맹점_12,배달,대구,정체,451217.0,21231,21.25,정상,7,2023,2687089.0,3903171.0,3432923.0,3750944.0,101.33333333333333,2,1,2,3818599.0
M0012,2023-08,3818599,101,100,37807.91089108911,4662572.0,-18.1,1.0,가맹점_12,배달,대구,정체,458232.0,29382,15.6,정상,8,2023,4662572.0,2687089.0,3903171.0,3722753.3333333335,100.0,2,1,2,4281229.0
M0012,2023-09,4281229,108,107,39641.00925925926,3818599.0,12.12,0.93,가맹점_12,배달,대구,정체,480116.0,24361,19.71,정상,9,2023,3818599.0,4662572.0,2687089.0,4254133.333333333,111.0,2,1,2,2842759.0
M0012,2023-10,2842759,83,82,34250.10843373494,4281229.0,-33.6,1.22,가맹점_12,배달,대구,정체,416016.0,12871,32.32,정상,10,2023,4281229.0,3818599.0,4662572.0,3647529.0,97.33333333333333,2,1,2,4185685.0
M0012,2023-11,4185685,114,113,36716.5350877193,2842759.0,47.24,0.88,가맹점_12,배달,대구,정체,444476.0,22065,20.14,정상,11,2023,2842759.0,4281229.0,3818599.0,3769891.0,101.66666666666667,2,1,2,3903380.0
M0012,2023-12,3903380,103,102,37896.8932038835,4185685.0,-6.74,0.98,가맹점_12,배달,대구,정체,459219.0,12411,37.0,정상,12,2023,4185685.0,2842759.0,4281229.0,3643941.3333333335,100.0,2,1,2,2950602.0
M0012,2024-01,2950602,85,84,34712.964705882354,3903380.0,-24.41,1.19,가맹점_12,배달,대구,정체,421513.0,20355,20.71,정상,1,2024,3903380.0,4185685.0,2842759.0,3679889.0,100.66666666666667,2,1,2,3317687.0
M0012,2024-02,3317687,87,87,38134.333333333336,2950602.0,12.44,0.0,가맹점_12,배달,대구,정체,457612.0,22982,19.91,정상,2,2024,2950602.0,3903380.0,4185685.0,3390556.3333333335,91.66666666666667,2,1,2,2899095.0
M0012,2024-03,2899095,88,88,32944.26136363636,3317687.0,-12.62,0.0,가맹점_12,배달,대구,정체,395331.0,21739,18.19,정상,3,2024,3317687.0,2950602.0,3903380.0,3055794.6666666665,86.66666666666667,2,1,2,3901272.0
M0012,2024-04,3901272,102,102,38247.76470588235,2899095.0,34.57,0.0,가맹점_12,배달,대구,정체,458973.0,15864,28.93,정상,4,2024,2899095.0,3317687.0,2950602.0,3372684.6666666665,92.33333333333333,2,1,2,3061472.0
M0012,2024-05,3061472,88,88,34789.454545454544,3901272.0,-21.53,0.0,가맹점_12,배달,대구,정체,417473.0,9338,44.71,정상,5,2024,3901272.0,2899095.0,3317687.0,3287279.6666666665,92.66666666666667,2,1,2,4263148.0
M0012,2024-06,4263148,111,111,38406.738738738735,3061472.0,39.25,0.0,가맹점_12,배달,대구,정체,460881.0,22902,20.12,정상,6,2024,3061472.0,3901272.0,2899095.0,3741964.0,100.33333333333333,2,1,2,4046937.0
M0012,2024-07,4046937,107,105,37821.84112149533,4263148.0,-5.07,1.9,가맹점_12,배달,대구,정체,462485.0,32443,14.26,정상,7,2024,4263148.0,3061472.0,3901272.0,3790519.0,102.0,2,1,2,4022898.0
M0012,2024-08,4022898,114,113,35288.57894736842,4046937.0,-0.59,0.88,가맹점_12,배달,대구,정체,427189.0,28078,15.21,정상,8,2024,4046937.0,4263148.0,3061472.0,4110994.3333333335,110.66666666666667,2,1,2,4085836.0
M0012,2024-09,4085836,103,103,39668.31067961165,4022898.0,1.56,0.0,가맹점_12,배달,대구,정체,476020.0,15414,30.88,정상,9,2024,4022898.0,4046937.0,4263148.0,4051890.3333333335,108.0,2,1,2,3901457.0
M0012,2024-10,3901457,104,103,37514.00961538462,4085836.0,-4.51,0.97,가맹점_12,배달,대구,정체,454535.0,33360,13.63,정상,10,2024,4085836.0,4022898.0,4046937.0,4003397.0,107.0,2,1,2,5269313.0
M0012,2024-11,5269313,133,130,39618.89473684211,3901457.0,35.06,2.31,가맹점_12,배달,대구,정체,486409.0,12572,38.69,정상,11,2024,3901457.0,4085836.0,4022898.0,4418868.666666667,113.33333333333333,2,1,2,4244646.0
M0012,2024-12,4244646,120,118,35372.05,5269313.0,-19.45,1.69,가맹점_12,배달,대구,정체,431638.0,24587,17.56,정상,12,2024,5269313.0,3901457.0,4085836.0,4471805.333333333,119.0,2,1,2,3787333.0
M0012,2025-01,3787333,96,95,39451.385416666664,4244646.0,-10.77,1.05,가맹점_12,배달,대구,정체,478387.0,18584,25.74,정상,1,2025,4244646.0,5269313.0,3901457.0,4433764.0,116.33333333333333,2,1,2,3685542.0
M0012,2025-02,3685542,97,95,37995.278350515466,3787333.0,-2.69,2.11,가맹점_12,배달,대구,정체,465564.0,11663,39.92,정상,2,2025,3787333.0,4244646.0,5269313.0,3905840.3333333335,104.33333333333333,2,1,2,3833001.0
M0012,2025-03,3833001,107,107,35822.43925233645,3685542.0,4.0,0.0,가맹점_12,배달,대구,정체,429869.0,9764,44.03,정상,3,2025,3685542.0,3787333.0,4244646.0,3768625.3333333335,100.0,2,1,2,2931682.0
M0012,2025-04,2931682,80,80,36646.025,3833001.0,-23.51,0.0,가맹점_12,배달,대구,정체,439752.0,8721,50.42,정상,4,2025,3833001.0,3685542.0,3787333.0,3483408.3333333335,94.66666666666667,2,1,2,3749604.0
M0012,2025-05,3749604,98,96,38261.26530612245,2931682.0,27.9,2.08,가맹점_12,배달,대구,정체,468685.0,18159,25.81,정상,5,2025,2931682.0,3833001.0,3685542.0,3504762.3333333335,95.0,2,1,2,2997983.0
M0012,2025-06,2997983,85,85,35270.388235294115,3749604.0,-20.05,0.0,가맹점_12,배달,대구,정체,423245.0,10836,39.06,high_cancel,6,2025,3749604.0,2931682.0,3833001.0,3226423.0,87.66666666666667,2,1,2,3769275.0
M0012,2025-07,3769275,106,106,35559.198113207545,2997983.0,25.73,0.0,가맹점_12,배달,대구,정체,426710.0,13114,32.54,정상,7,2025,2997983.0,3749604.0,2931682.0,3505620.6666666665,96.33333333333333,2,1,2,4064387.0
M0012,2025-08,4064387,112,110,36289.169642857145,3769275.0,7.83,1.82,가맹점_12,배달,대구,정체,443396.0,21070,21.04,정상,8,2025,3769275.0,2997983.0,3749604.0,3610548.3333333335,101.0,2,1,2,3843253.0
M0012,2025-09,3843253,99,98,38820.73737373737,4064387.0,-5.44,1.02,가맹점_12,배달,대구,정체,470601.0,22004,21.39,정상,9,2025,4064387.0,3769275.0,2997983.0,3892305.0,105.66666666666667,2,1,2,3701016.0
M0012,2025-10,3701016,104,99,35586.692307692305,3843253.0,-3.7,5.05,가맹점_12,배달,대구,정체,448606.0,17319,25.9,정상,10,2025,3843253.0,4064387.0,3769275.0,3869552.0,105.0,2,1,2,4382058.0
M0012,2025-11,4382058,119,116,36824.01680672269,3701016.0,18.4,2.59,가맹점_12,배달,대구,정체,453333.0,10768,42.1,정상,11,2025,3701016.0,3843253.0,4064387.0,3975442.3333333335,107.33333333333333,2,1,2,4447294.0
M0012,2025-12,4447294,112,112,39707.982142857145,4382058.0,1.49,0.0,가맹점_12,배달,대구,정체,476496.0,25939,18.37,정상,12,2025,4382058.0,3701016.0,3843253.0,4176789.3333333335,111.66666666666667,2,1,2,
M0013,2023-01,4380026,92,91,47608.97826086957,,,1.1,가맹점_13,교육,대구,정체,577592.0,26636,21.68,정상,1,2023,,,,4380026.0,92.0,1,1,2,5809246.0
M0013,2023-02,5809246,123,122,47229.64227642276,4380026.0,32.63,0.82,가맹점_13,교육,대구,정체,571403.0,23239,24.59,정상,2,2023,4380026.0,,,5094636.0,107.5,1,1,2,3671127.0
M0013,2023-03,3671127,88,87,41717.35227272727,5809246.0,-36.81,1.15,가맹점_13,교육,대구,정체,506365.0,33321,15.2,정상,3,2023,5809246.0,4380026.0,,4620133.0,101.0,1,1,2,4861996.0
M0013,2023-04,4861996,113,113,43026.513274336285,3671127.0,32.44,0.0,가맹점_13,교육,대구,정체,516318.0,11349,45.49,정상,4,2023,3671127.0,5809246.0,4380026.0,4780789.666666667,108.0,1,1,2,4106009.0
M0013,2023-05,4106009,90,89,45622.322222222225,4861996.0,-15.55,1.12,가맹점_13,교육,대구,정체,553600.0,25704,21.54,정상,5,2023,4861996.0,3671127.0,5809246.0,4213044.0,97.0,1,1,2,5442392.0
M0013,2023-06,5442392,138,138,39437.6231884058,4106009.0,32.55,0.0,가맹점_13,교육,대구,정체,473251.0,28158,16.81,정상,6,2023,4106009.0,4861996.0,3671127.0,4803465.666666667,113.66666666666667,1,1,2,8482409.0
M0013,2023-07,8482409,97,97,87447.51546391753,5442392.0,55.86,0.0,가맹점_13,교육,대구,정체,1049370.0,20016,52.43,aov_spike,7,2023,5442392.0,4106009.0,4861996.0,6010270.0,108.33333333333333,1,1,2,8749086.0
M0013,2023-08,8749086,96,96,91136.3125,8482409.0,3.14,0.0,가맹점_13,교육,대구,정체,1093636.0,14693,74.43,aov_spike,8,2023,8482409.0,5442392.0,4106009.0,7557962.333333333,110.33333333333333,1,1,2,4720028.0
M0013,2023-09,4720028,110,110,42909.34545454545,8749086.0,-46.05,0.0,가맹점_13,교육,대구,정체,514912.0,27309,18.86,정상,9,2023,8749086.0,8482409.0,5442392.0,7317174.333333333,101.0,1,1,2,4837851.0
M0013,2023-10,4837851,113,113,42812.8407079646,4720028.0,2.5,0.0,가맹점_13,교육,대구,정체,513754.0,29320,17.52,정상,10,2023,4720028.0,8749086.0,8482409.0,6102321.666666667,106.33333333333333,1,1,2,6541954.0
M0013,2023-11,6541954,146,143,44807.90410958904,4837851.0,35.22,2.1,가맹점_13,교육,대구,정체,548986.0,25979,21.13,정상,11,2023,4837851.0,4720028.0,8749086.0,5366611.0,123.0,1,1,2,5024659.0
M0013,2023-12,5024659,113,112,44466.008849557526,6541954.0,-23.19,0.89,가맹점_13,교육,대구,정체,538341.0,33261,16.19,정상,12,2023,6541954.0,4837851.0,4720028.0,5468154.666666667,124.0,1,1,2,3943188.0
M0013,2024-01,3943188,90,87,43813.2,5024659.0,-21.52,3.45,가맹점_13,교육,대구,정체,543897.0,12932,42.06,정상,1,2024,5024659.0,6541954.0,4837851.0,5169933.666666667,116.33333333333333,1,1,2,4336653.0
M0013,2024-02,4336653,99,99,43804.57575757576,3943188.0,9.98,0.0,가맹점_13,교육,대구,정체,525655.0,19884,26.44,정상,2,2024,3943188.0,5024659.0,6541954.0,4434833.333333333,100.66666666666667,1,1,2,4072498.0
M0013,2024-03,4072498,88,87,46278.38636363636,4336653.0,-6.09,1.15,가맹점_13,교육,대구,정체,561727.0,21321,26.35,정상,3,2024,4336653.0,3943188.0,5024659.0,4117446.3333333335,92.33333333333333,1,1,2,4812886.0
M0013,2024-04,4812886,104,103,46277.75,4072498.0,18.18,0.97,가맹점_13,교육,대구,정체,560720.0,13336,42.05,정상,4,2024,4072498.0,4336653.0,3943188.0,4407345.666666667,97.0,1,1,2,4340606.0
M0013,2024-05,4340606,107,105,40566.411214953274,4812886.0,-9.81,1.9,가맹점_13,교육,대구,정체,496046.0,19032,26.06,정상,5,2024,4812886.0,4072498.0,4336653.0,4408663.333333333,99.66666666666667,1,1,2,5343160.0
M0013,2024-06,5343160,119,119,44900.50420168067,4340606.0,23.1,0.0,가맹점_13,교육,대구,정체,538806.0,21695,24.84,정상,6,2024,4340606.0,4812886.0,4072498.0,4832217.333333333,110.0,1,1,2,4436387.0
M0013,2024-07,4436387,100,97,44363.87,5343160.0,-16.97,3.09,가맹점_13,교육,대구,정체,548817.0,26872,20.42,정상,7,2024,5343160.0,4340606.0,4812886.0,4706717.666666667,108.66666666666667,1,1,2,5109540.0
M0013,2024-08,5109540,119,117,42937.31092436975,4436387.0,15.17,1.71,가맹점_13,교육,대구,정체,524058.0,29657,17.67,정상,8,2024,4436387.0,5343160.0,4340606.0,4963029.0,112.66666666666667,1,1,2,5030399.0
M0013,2024-09,5030399,105,103,47908.561904761904,5109540.0,-1.55,1.94,가맹점_13,교육,대구,정체,586056.0,13312,44.02,정상,9,2024,5109540.0,4436387.0,5343160.0,4858775.333333333,108.0,1,1,2,4767310.0
M0013,2024-10,4767310,108,108,44141.75925925926,5030399.0,-5.23,0.0,가맹점_13,교육,대구,정체,529701.0,30968,17.1,정상,10,2024,5030399.0,5109540.0,4436387.0,4969083.0,110.66666666666667,1,1,2,5743703.0
M0013,2024-11,5743703,132,129,43512.90151515151,4767310.0,20.48,2.33,가맹점_13,교육,대구,정체,534321.0,34305,15.58,정상,11,2024,4767310.0,5030399.0,5109540.0,5180470.666666667,115.0,1,1,2,5506742.0
M0013,2024-12,5506742,130,129,42359.553846153845,5743703.0,-4.13,0.78,가맹점_13,교육,대구,정체,512280.0,9095,56.33,정상,12,2024,5743703.0,4767310.0,5030399.0,5339251.666666667,123.33333333333333,1,1,2,4266214.0
M0013,2025-01,4266214,98,98,43532.795918367345,5506742.0,-22.53,0.0,가맹점_13,교육,대구,정체,522394.0,15098,34.6,정상,1,2025,5506742.0,5743703.0,4767310.0,5172219.666666667,120.0,1,1,2,3887322.0
M0013,2025-02,3887322,89,89,43677.77528089887,4266214.0,-8.88,0.0,가맹점_13,교육,대구,정체,524133.0,16413,31.93,정상,2,2025,4266214.0,5506742.0,5743703.0,4553426.0,105.66666666666667,1,1,2,4822928.0
M0013,2025-03,4822928,110,110,43844.8,3887322.0,24.07,0.0,가맹점_13,교육,대구,정체,526138.0,28331,18.57,정상,3,2025,3887322.0,4266214.0,5506742.0,4325488.0,99.0,1,1,2,4678967.0
M0013,2025-04,4678967,113,113,41406.78761061947,4822928.0,-2.98,0.0,가맹점_13,교육,대구,정체,496881.0,22715,21.87,정상,4,2025,4822928.0,3887322.0,4266214.0,4463072.333333333,104.0,1,1,2,5234102.0
M0013,2025-05,5234102,120,120,43617.51666666667,4678967.0,11.86,0.0,가맹점_13,교육,대구,정체,523410.0,17086,30.63,정상,5,2025,4678967.0,4822928.0,3887322.0,4911999.0,114.33333333333333,1,1,2,4464508.0
M0013,2025-06,4464508,96,95,46505.291666666664,5234102.0,-14.7,1.05,가맹점_13,교육,대구,정체,563923.0,31406,17.96,정상,6,2025,5234102.0,4678967.0,4822928.0,4792525.666666667,109.66666666666667,1,1,2,5927723.0
M0013,2025-07,5927723,120,119,49397.691666666666,4464508.0,32.77,0.84,가맹점_13,교육,대구,정체,597752.0,10926,54.71,정상,7,2025,4464508.0,5234102.0,4678967.0,5208777.666666667,112.0,1,1,2,4944286.0
M0013,2025-08,4944286,111,107,44543.117117117115,5927723.0,-16.59,3.74,가맹점_13,교육,대구,정체,554508.0,34003,16.31,정상,8,2025,5927723.0,4464508.0,5234102.0,5112172.333333333,109.0,1,1,2,7560178.0
M0013,2025-09,7560178,89,89,84945.82022471911,4944286.0,52.91,0.0,가맹점_13,교육,대구,정체,1019350.0,27454,37.13,aov_spike,9,2025,4944286.0,5927723.0,4464508.0,6144062.333333333,106.66666666666667,1,1,2,5527563.0
M0013,2025-10,5527563,133,129,41560.624060150374,7560178.0,-26.89,2.33,가맹점_13,교육,대구,정체,510348.0,22852,22.33,정상,10,2025,7560178.0,4944286.0,5927723.0,6010675.666666667,111.0,1,1,2,15108311.0
M0013,2025-11,15108311,128,126,118033.6796875,5527563.0,173.33,1.59,가맹점_13,교육,대구,정체,1438925.0,24852,57.9,revenue_spike,11,2025,5527563.0,7560178.0,4944286.0,9398684.0,116.66666666666667,1,1,2,5056881.0
M0013,2025-12,5056881,116,113,43593.80172413793,15108311.0,-66.53,2.65,가맹점_13,교육,대구,정체,536988.0,19229,27.93,정상,12,2025,15108311.0,5527563.0,7560178.0,8564251.666666666,125.66666666666667,1,1,2,
M0014,2023-01,1648550,54,53,30528.703703703704,,,1.89,가맹점_14,IT서비스,경기,안정,373268.0,12346,30.23,정상,1,2023,,,,1648550.0,54.0,0,0,1,1756262.0
M0014,2023-02,1756262,55,55,31932.036363636365,1648550.0,6.53,0.0,가맹점_14,IT서비스,경기,안정,383184.0,12195,31.42,정상,2,2023,1648550.0,,,1702406.0,54.5,0,0,1,2209348.0
M0014,2023-03,2209348,68,67,32490.41176470588,1756262.0,25.8,1.49,가맹점_14,IT서비스,경기,안정,395694.0,14151,27.96,정상,3,2023,1756262.0,1648550.0,,1871386.6666666667,59.0,0,0,1,2656816.0
M0014,2023-04,2656816,65,63,40874.092307692306,2209348.0,20.25,3.17,가맹점_14,IT서비스,경기,안정,506038.0,25183,20.09,정상,4,2023,2209348.0,1756262.0,1648550.0,2207475.3333333335,62.666666666666664,0,0,1,2057162.0
M0014,2023-05,2057162,62,61,33180.032258064515,2656816.0,-22.57,1.64,가맹점_14,IT서비스,경기,안정,404690.0,27211,14.87,정상,5,2023,2656816.0,2209348.0,1756262.0,2307775.3333333335,65.0,0,0,1,2121511.0
M0014,2023-06,2121511,60,59,35358.51666666667,2057162.0,3.13,1.69,가맹점_14,IT서비스,경기,안정,431473.0,17336,24.89,정상,6,2023,2057162.0,2656816.0,2209348.0,2278496.3333333335,62.333333333333336,0,0,1,1919979.0
M0014,2023-07,1919979,59,59,32542.01694915254,2121511.0,-9.5,0.0,가맹점_14,IT서비스,경기,안정,390504.0,19825,19.7,정상,7,2023,2121511.0,2057162.0,2656816.0,2032884.0,60.333333333333336,0,0,1,1810404.0
M0014,2023-08,1810404,53,53,34158.56603773585,1919979.0,-5.71,0.0,가맹점_14,IT서비스,경기,안정,409903.0,12913,31.74,정상,8,2023,1919979.0,2121511.0,2057162.0,1950631.3333333333,57.333333333333336,0,0,1,1845997.0
M0014,2023-09,1845997,57,54,32385.912280701756,1810404.0,1.97,5.56,가맹점_14,IT서비스,경기,안정,410239.0,17962,22.84,정상,9,2023,1810404.0,1919979.0,2121511.0,1858793.3333333333,56.333333333333336,0,0,1,2037087.0
M0014,2023-10,2037087,61,60,33394.86885245902,1845997.0,10.35,1.67,가맹점_14,IT서비스,경기,안정,407431.0,33327,12.23,정상,10,2023,1845997.0,1810404.0,1919979.0,1897829.3333333333,57.0,0,0,1,1756497.0
M0014,2023-11,1756497,51,51,34441.117647058825,2037087.0,-13.77,0.0,가맹점_14,IT서비스,경기,안정,413293.0,27447,15.06,정상,11,2023,2037087.0,1845997.0,1810404.0,1879860.3333333333,56.333333333333336,0,0,1,2257900.0
M0014,2023-12,2257900,67,65,33700.0,1756497.0,28.55,3.08,가맹점_14,IT서비스,경기,안정,416856.0,25131,16.59,정상,12,2023,1756497.0,2037087.0,1845997.0,2017161.3333333333,59.666666666666664,0,0,1,1876786.0
M0014,2024-01,1876786,57,57,32926.070175438595,2257900.0,-16.88,0.0,가맹점_14,IT서비스,경기,안정,395113.0,14493,27.26,정상,1,2024,2257900.0,1756497.0,2037087.0,1963727.6666666667,58.333333333333336,0,0,1,1919456.0
M0014,2024-02,1919456,67,66,28648.597014925374,1876786.0,2.27,1.52,가맹점_14,IT서비스,경기,안정,349009.0,25996,13.43,정상,2,2024,1876786.0,2257900.0,1756497.0,2018047.3333333333,63.666666666666664,0,0,1,1960813.0
M0014,2024-03,1960813,58,58,33807.120689655174,1919456.0,2.15,0.0,가맹점_14,IT서비스,경기,안정,405685.0,27354,14.83,정상,3,2024,1919456.0,1876786.0,2257900.0,1919018.3333333333,60.666666666666664,0,0,1,2062236.0
M0014,2024-04,2062236,56,56,36825.642857142855,1960813.0,5.17,0.0,가맹점_14,IT서비스,경기,안정,441908.0,33546,13.17,정상,4,2024,1960813.0,1919456.0,1876786.0,1980835.0,60.333333333333336,0,0,1,1942721.0
M0014,2024-05,1942721,60,59,32378.683333333334,2062236.0,-5.8,1.69,가맹점_14,IT서비스,경기,안정,395111.0,17782,22.22,정상,5,2024,2062236.0,1960813.0,1919456.0,1988590.0,58.0,0,0,1,1783460.0
M0014,2024-06,1783460,55,54,32426.545454545456,1942721.0,-8.2,1.85,가맹점_14,IT서비스,경기,안정,396317.0,18984,20.88,정상,6,2024,1942721.0,2062236.0,1960813.0,1929472.3333333333,57.0,0,0,1,2042500.0
M0014,2024-07,2042500,62,61,32943.54838709677,1783460.0,14.52,1.64,가맹점_14,IT서비스,경기,안정,401806.0,22131,18.16,정상,7,2024,1783460.0,1942721.0,2062236.0,1922893.6666666667,59.0,0,0,1,1785790.0
M0014,2024-08,1785790,55,55,32468.909090909092,2042500.0,-12.57,0.0,가맹점_14,IT서비스,경기,안정,389627.0,26293,14.82,정상,8,2024,2042500.0,1783460.0,1942721.0,1870583.3333333333,57.333333333333336,0,0,1,1472118.0
M0014,2024-09,1472118,51,51,28865.058823529413,1785790.0,-17.56,0.0,가맹점_14,IT서비스,경기,안정,346381.0,27468,12.61,정상,9,2024,1785790.0,2042500.0,1783460.0,1766802.6666666667,56.0,0,0,1,1494750.0
M0014,2024-10,1494750,45,45,33216.666666666664,1472118.0,1.54,0.0,가맹점_14,IT서비스,경기,안정,398600.0,30347,13.13,정상,10,2024,1472118.0,1785790.0,2042500.0,1584219.3333333333,50.333333333333336,0,0,1,2197502.0
M0014,2024-11,2197502,68,68,32316.20588235294,1494750.0,47.01,0.0,가맹점_14,IT서비스,경기,안정,387794.0,29622,13.09,정상,11,2024,1494750.0,1472118.0,1785790.0,1721456.6666666667,54.666666666666664,0,0,1,1955476.0
M0014,2024-12,1955476,63,63,31039.301587301587,2197502.0,-11.01,0.0,가맹점_14,IT서비스,경기,안정,372472.0,29108,12.8,정상,12,2024,2197502.0,1494750.0,1472118.0,1882576.0,58.666666666666664,0,0,1,1432281.0
M0014,2025-01,1432281,42,42,34101.92857142857,1955476.0,-26.76,0.0,가맹점_14,IT서비스,경기,안정,409223.0,28183,14.52,정상,1,2025,1955476.0,2197502.0,1494750.0,1861753.0,57.666666666666664,0,0,1,1070139.0
M0014,2025-02,1070139,33,33,32428.454545454544,1432281.0,-25.28,0.0,가맹점_14,IT서비스,경기,안정,389141.0,16693,23.31,정상,2,2025,1432281.0,1955476.0,2197502.0,1485965.3333333333,46.0,0,0,1,1650862.0
M0014,2025-03,1650862,48,47,34392.958333333336,1070139.0,54.27,2.13,가맹점_14,IT서비스,경기,안정,421506.0,8970,46.99,정상,3,2025,1070139.0,1432281.0,1955476.0,1384427.3333333333,41.0,0,0,1,1973706.0
M0014,2025-04,1973706,56,56,35244.75,1650862.0,19.56,0.0,가맹점_14,IT서비스,경기,안정,422937.0,21090,20.05,정상,4,2025,1650862.0,1070139.0,1432281.0,1564902.3333333333,45.666666666666664,0,0,1,1804062.0
M0014,2025-05,1804062,53,51,34038.90566037736,1973706.0,-8.6,3.92,가맹점_14,IT서비스,경기,안정,424479.0,30267,14.02,정상,5,2025,1973706.0,1650862.0,1070139.0,1809543.3333333333,52.333333333333336,0,0,1,2129169.0
M0014,2025-06,2129169,62,62,34341.43548387097,1804062.0,18.02,0.0,가맹점_14,IT서비스,경기,안정,412097.0,20422,20.18,정상,6,2025,1804062.0,1973706.0,1650862.0,1968979.0,57.0,0,0,1,1511424.0
M0014,2025-07,1511424,50,50,30228.48,2129169.0,-29.01,0.0,가맹점_14,IT서비스,경기,안정,362742.0,31813,11.4,정상,7,2025,2129169.0,1804062.0,1973706.0,1814885.0,55.0,0,0,1,1857610.0
M0014,2025-08,1857610,55,54,33774.72727272727,1511424.0,22.9,1.85,가맹점_14,IT서비스,경기,안정,412795.0,31329,13.18,정상,8,2025,1511424.0,2129169.0,1804062.0,1832734.3333333333,55.666666666666664,0,0,1,2459949.0
M0014,2025-09,2459949,72,72,34165.958333333336,1857610.0,32.43,0.0,가맹점_14,IT서비스,경기,안정,409992.0,26289,15.6,정상,9,2025,1857610.0,1511424.0,2129169.0,1942994.3333333333,59.0,0,0,1,1456532.0
M0014,2025-10,1456532,44,44,33103.0,2459949.0,-40.79,0.0,가맹점_14,IT서비스,경기,안정,397236.0,17630,22.53,정상,10,2025,2459949.0,1857610.0,1511424.0,1924697.0,57.0,0,0,1,1959130.0
M0014,2025-11,1959130,58,56,33778.10344827586,1456532.0,34.51,3.57,가맹점_14,IT서비스,경기,안정,419808.0,21131,19.87,정상,11,2025,1456532.0,2459949.0,1857610.0,1958537.0,58.0,0,0,1,1722826.0
M0014,2025-12,1722826,52,52,33131.269230769234,1959130.0,-12.06,0.0,가맹점_14,IT서비스,경기,안정,397575.0,20205,19.68,정상,12,2025,1959130.0,1456532.0,2459949.0,1712829.3333333333,51.333333333333336,0,0,1,
M0015,2023-01,2707889,67,67,40416.253731343284,,,0.0,가맹점_15,교육,서울,정체,484995.0,10946,44.31,정상,1,2023,,,,2707889.0,67.0,1,3,2,2745015.0
M0015,2023-02,2745015,69,68,39782.82608695652,2707889.0,1.37,1.47,가맹점_15,교육,서울,정체,484412.0,23190,20.89,정상,2,2023,2707889.0,,,2726452.0,68.0,1,3,2,3211704.0
M0015,2023-03,3211704,88,88,36496.63636363636,2745015.0,17.0,0.0,가맹점_15,교육,서울,정체,437960.0,14710,29.77,정상,3,2023,2745015.0,2707889.0,,2888202.6666666665,74.66666666666667,1,3,2,3037256.0
M0015,2023-04,3037256,76,76,39963.89473684211,3211704.0,-5.43,0.0,가맹점_15,교육,서울,정체,479567.0,30957,15.49,정상,4,2023,3211704.0,2745015.0,2707889.0,2997991.6666666665,77.66666666666667,1,3,2,3256356.0
M0015,2023-05,3256356,82,79,39711.65853658537,3037256.0,7.21,3.8,가맹점_15,교육,서울,정체,494648.0,28657,17.26,정상,5,2023,3037256.0,3211704.0,2745015.0,3168438.6666666665,82.0,1,3,2,3957919.0
M0015,2023-06,3957919,102,101,38803.12745098039,3256356.0,21.54,0.99,가맹점_15,교육,서울,정체,470247.0,31198,15.07,정상,6,2023,3256356.0,3037256.0,3211704.0,3417177.0,86.66666666666667,1,3,2,3144668.0
M0015,2023-07,3144668,85,83,36996.09411764706,3957919.0,-20.55,2.41,가맹점_15,교육,서울,정체,454652.0,15015,30.28,정상,7,2023,3957919.0,3256356.0,3037256.0,3452981.0,89.66666666666667,1,3,2,3364516.0
M0015,2023-08,3364516,91,90,36972.703296703294,3144668.0,6.99,1.11,가맹점_15,교육,서울,정체,448597.0,10750,41.73,정상,8,2023,3144668.0,3957919.0,3256356.0,3489034.3333333335,92.66666666666667,1,3,2,2955554.0
M0015,2023-09,2955554,80,80,36944.425,3364516.0,-12.16,0.0,가맹점_15,교육,서울,정체,443333.0,16578,26.74,정상,9,2023,3364516.0,3144668.0,3957919.0,3154912.6666666665,85.33333333333333,1,3,2,3310394.0
M0015,2023-10,3310394,86,86,38492.95348837209,2955554.0,12.01,0.0,가맹점_15,교육,서울,정체,461915.0,14249,32.42,정상,10,2023,2955554.0,3364516.0,3144668.0,3210154.6666666665,85.66666666666667,1,3,2,3905191.0
M0015,2023-11,3905191,96,95,40679.072916666664,3310394.0,17.97,1.05,가맹점_15,교육,서울,정체,493274.0,26899,18.34,정상,11,2023,3310394.0,2955554.0,3364516.0,3390379.6666666665,87.33333333333333,1,3,2,3131021.0
M0015,2023-12,3131021,84,83,37274.05952380953,3905191.0,-19.82,1.2,가맹점_15,교육,서울,정체,452656.0,12074,37.49,정상,12,2023,3905191.0,3310394.0,2955554.0,3448868.6666666665,88.66666666666667,1,3,2,3278675.0
M0015,2024-01,3278675,87,84,37685.91954022989,3131021.0,4.72,2.38,가맹점_15,교육,서울,정체,462994.0,29962,15.45,정상,1,2024,3131021.0,3905191.0,3310394.0,3438295.6666666665,89.0,1,3,2,3396864.0
M0015,2024-02,3396864,85,85,39963.10588235294,3278675.0,3.6,0.0,가맹점_15,교육,서울,정체,479557.0,15729,30.49,정상,2,2024,3278675.0,3131021.0,3905191.0,3268853.3333333335,85.33333333333333,1,3,2,7909994.0
M0015,2024-03,7909994,82,81,96463.34146341463,3396864.0,132.86,1.23,가맹점_15,교육,서울,정체,1171798.0,12216,95.92,revenue_spike,3,2024,3396864.0,3278675.0,3131021.0,4861844.333333333,84.66666666666667,1,3,2,3463039.0
M0015,2024-04,3463039,89,88,38910.550561797754,7909994.0,-56.22,1.14,가맹점_15,교육,서울,정체,472250.0,20744,22.77,정상,4,2024,7909994.0,3396864.0,3278675.0,4923299.0,85.33333333333333,1,3,2,2751119.0
M0015,2024-05,2751119,72,71,38209.98611111111,3463039.0,-20.56,1.41,가맹점_15,교육,서울,정체,464985.0,28960,16.06,정상,5,2024,3463039.0,7909994.0,3396864.0,4708050.666666667,81.0,1,3,2,3107184.0
M0015,2024-06,3107184,85,85,36555.10588235294,2751119.0,12.94,0.0,가맹점_15,교육,서울,정체,438661.0,13079,33.54,정상,6,2024,2751119.0,3463039.0,7909994.0,3107114.0,82.0,1,3,2,4467795.0
M0015,2024-07,4467795,112,110,39891.02678571428,3107184.0,43.79,1.82,가맹점_15,교육,서울,정체,487405.0,20251,24.07,정상,7,2024,3107184.0,2751119.0,3463039.0,3442032.6666666665,89.66666666666667,1,3,2,3263285.0
M0015,2024-08,3263285,89,87,36666.12359550562,4467795.0,-26.96,2.3,가맹점_15,교육,서울,정체,450113.0,30088,14.96,정상,8,2024,4467795.0,3107184.0,2751119.0,3612754.6666666665,95.33333333333333,1,3,2,2921150.0
M0015,2024-09,2921150,79,79,36976.582278481015,3263285.0,-10.48,0.0,가맹점_15,교육,서울,정체,443719.0,28609,15.51,정상,9,2024,3263285.0,4467795.0,3107184.0,3550743.3333333335,93.33333333333333,1,3,2,3905468.0
M0015,2024-10,3905468,97,96,40262.55670103093,2921150.0,33.7,1.04,가맹점_15,교육,서울,정체,488175.0,23606,20.68,정상,10,2024,2921150.0,3263285.0,4467795.0,3363301.0,88.33333333333333,1,3,2,2951592.0
M0015,2024-11,2951592,80,78,36894.9,3905468.0,-24.42,2.56,가맹점_15,교육,서울,정체,454073.0,24749,18.35,정상,11,2024,3905468.0,2921150.0,3263285.0,3259403.3333333335,85.33333333333333,1,3,2,3013621.0
M0015,2024-12,3013621,78,77,38636.166666666664,2951592.0,2.1,1.3,가맹점_15,교육,서울,정체,469661.0,31271,15.02,정상,12,2024,2951592.0,3905468.0,2921150.0,3290227.0,85.0,1,3,2,2843312.0
M0015,2025-01,2843312,80,79,35541.4,3013621.0,-5.65,1.27,가맹점_15,교육,서울,정체,431913.0,10469,41.26,정상,1,2025,3013621.0,2951592.0,3905468.0,2936175.0,79.33333333333333,1,3,2,2391706.0
M0015,2025-02,2391706,65,65,36795.47692307692,2843312.0,-15.88,0.0,가맹점_15,교육,서울,정체,441546.0,33916,13.02,정상,2,2025,2843312.0,3013621.0,2951592.0,2749546.3333333335,74.33333333333333,1,3,2,3443853.0
M0015,2025-03,3443853,94,92,36636.734042553195,2391706.0,43.99,2.17,가맹점_15,교육,서울,정체,449181.0,23108,19.44,정상,3,2025,2391706.0,2843312.0,3013621.0,2892957.0,79.66666666666667,1,3,2,2868554.0
M0015,2025-04,2868554,79,78,36310.81012658228,3443853.0,-16.71,1.28,가맹점_15,교육,서울,정체,441307.0,29788,14.81,정상,4,2025,3443853.0,2391706.0,2843312.0,2901371.0,79.33333333333333,1,3,2,2069695.0
M0015,2025-05,2069695,57,57,36310.43859649123,2868554.0,-27.85,0.0,가맹점_15,교육,서울,정체,435725.0,19562,22.27,정상,5,2025,2868554.0,3443853.0,2391706.0,2794034.0,76.66666666666667,1,3,2,3043625.0
M0015,2025-06,3043625,87,85,34984.19540229885,2069695.0,47.06,2.35,가맹점_15,교육,서울,정체,429676.0,30870,13.92,정상,6,2025,2069695.0,2868554.0,3443853.0,2660624.6666666665,74.33333333333333,1,3,2,3506192.0
M0015,2025-07,3506192,88,88,39843.09090909091,3043625.0,15.2,0.0,가맹점_15,교육,서울,정체,478117.0,21202,22.55,정상,7,2025,3043625.0,2069695.0,2868554.0,2873170.6666666665,77.33333333333333,1,3,2,8285418.0
M0015,2025-08,8285418,90,90,92060.2,3506192.0,136.31,0.0,가맹점_15,교육,서울,정체,1104722.0,33110,33.37,revenue_spike,8,2025,3506192.0,3043625.0,2069695.0,4945078.333333333,88.33333333333333,1,3,2,3478378.0
M0015,2025-09,3478378,95,95,36614.505263157895,8285418.0,-58.02,0.0,가맹점_15,교육,서울,정체,439374.0,14779,29.73,정상,9,2025,8285418.0,3506192.0,3043625.0,5089996.0,91.0,1,3,2,3062240.0
M0015,2025-10,3062240,83,81,36894.4578313253,3478378.0,-11.96,2.47,가맹점_15,교육,서울,정체,453669.0,10948,41.44,정상,10,2025,3478378.0,8285418.0,3506192.0,4942012.0,89.33333333333333,1,3,2,4423631.0
M0015,2025-11,4423631,109,109,40583.77064220184,3062240.0,44.46,0.0,가맹점_15,교육,서울,정체,487005.0,25884,18.81,정상,11,2025,3062240.0,3478378.0,8285418.0,3654749.6666666665,95.66666666666667,1,3,2,2903393.0
M0015,2025-12,2903393,80,80,36292.4125,4423631.0,-34.37,0.0,가맹점_15,교육,서울,정체,435509.0,31827,13.68,정상,12,2025,4423631.0,3062240.0,3478378.0,3463088.0,90.66666666666667,1,3,2,
M0016,2023-01,1678042,93,92,18043.462365591397,,,1.09,가맹점_16,IT서비스,인천,정체,218882.0,15738,13.91,정상,1,2023,,,,1678042.0,93.0,0,4,2,1304468.0
M0016,2023-02,1304468,66,66,19764.666666666668,1678042.0,-22.26,0.0,가맹점_16,IT서비스,인천,정체,237176.0,17988,13.19,high_cancel,2,2023,1678042.0,,,1491255.0,79.5,0,4,2,1936744.0
M0016,2023-03,1936744,96,96,20174.416666666668,1304468.0,48.47,0.0,가맹점_16,IT서비스,인천,정체,242093.0,28509,8.49,정상,3,2023,1304468.0,1678042.0,,1639751.3333333333,85.0,0,4,2,2428331.0
M0016,2023-04,2428331,127,125,19120.716535433072,1936744.0,25.38,1.6,가맹점_16,IT서비스,인천,정체,233120.0,12490,18.66,정상,4,2023,1936744.0,1304468.0,1678042.0,1889847.6666666667,96.33333333333333,0,4,2,2084633.0
M0016,2023-05,2084633,104,103,20044.548076923078,2428331.0,-14.15,0.97,가맹점_16,IT서비스,인천,정체,242868.0,21694,11.2,정상,5,2023,2428331.0,1936744.0,1304468.0,2149902.6666666665,109.0,0,4,2,2059889.0
M0016,2023-06,2059889,102,102,20194.99019607843,2084633.0,-1.19,0.0,가맹점_16,IT서비스,인천,정체,242340.0,25212,9.61,정상,6,2023,2084633.0,2428331.0,1936744.0,2190951.0,111.0,0,4,2,2002001.0
M0016,2023-07,2002001,99,99,20222.23232323232,2059889.0,-2.81,0.0,가맹점_16,IT서비스,인천,정체,242667.0,12872,18.85,정상,7,2023,2059889.0,2084633.0,2428331.0,2048841.0,101.66666666666667,0,4,2,2387557.0
M0016,2023-08,2387557,118,116,20233.533898305086,2002001.0,19.26,1.72,가맹점_16,IT서비스,인천,정체,246979.0,13885,17.79,정상,8,2023,2002001.0,2059889.0,2084633.0,2149815.6666666665,106.33333333333333,0,4,2,2160400.0
M0016,2023-09,2160400,96,96,22504.166666666668,2387557.0,-9.51,0.0,가맹점_16,IT서비스,인천,정체,270050.0,11966,22.57,정상,9,2023,2387557.0,2002001.0,2059889.0,2183319.3333333335,104.33333333333333,0,4,2,2360209.0
M0016,2023-10,2360209,115,113,20523.55652173913,2160400.0,9.25,1.77,가맹점_16,IT서비스,인천,정체,250642.0,25575,9.8,정상,10,2023,2160400.0,2387557.0,2002001.0,2302722.0,109.66666666666667,0,4,2,1907616.0
M0016,2023-11,1907616,94,94,20293.787234042553,2360209.0,-19.18,0.0,가맹점_16,IT서비스,인천,정체,243525.0,14952,16.29,정상,11,2023,2360209.0,2160400.0,2387557.0,2142741.6666666665,101.66666666666667,0,4,2,2180566.0
M0016,2023-12,2180566,105,105,20767.295238095237,1907616.0,14.31,0.0,가맹점_16,IT서비스,인천,정체,249208.0,25597,9.74,정상,12,2023,1907616.0,2360209.0,2160400.0,2149463.6666666665,104.66666666666667,0,4,2,1694059.0
M0016,2024-01,1694059,84,84,20167.369047619046,2180566.0,-22.31,0.0,가맹점_16,IT서비스,인천,정체,242008.0,27280,8.87,정상,1,2024,2180566.0,1907616.0,2360209.0,1927413.6666666667,94.33333333333333,0,4,2,1771431.0
M0016,2024-02,1771431,87,86,20361.275862068964,1694059.0,4.57,1.16,가맹점_16,IT서비스,인천,정체,247170.0,12210,20.24,정상,2,2024,1694059.0,2180566.0,1907616.0,1882018.6666666667,92.0,0,4,2,2475583.0
M0016,2024-03,2475583,125,123,19804.664,1771431.0,39.75,1.63,가맹점_16,IT서비스,인천,정체,241530.0,21208,11.39,정상,3,2024,1771431.0,1694059.0,2180566.0,1980357.6666666667,98.66666666666667,0,4,2,2045654.0
M0016,2024-04,2045654,102,99,20055.43137254902,2475583.0,-17.37,3.03,가맹점_16,IT서비스,인천,정체,247957.0,20123,12.32,정상,4,2024,2475583.0,1771431.0,1694059.0,2097556.0,104.66666666666667,0,4,2,2147770.0
M0016,2024-05,2147770,106,106,20261.98113207547,2045654.0,4.99,0.0,가맹점_16,IT서비스,인천,정체,243144.0,24517,9.92,정상,5,2024,2045654.0,2475583.0,1771431.0,2223002.3333333335,111.0,0,4,2,2058419.0
M0016,2024-06,2058419,111,109,18544.315315315314,2147770.0,-4.16,1.83,가맹점_16,IT서비스,인천,정체,226604.0,15542,14.58,정상,6,2024,2147770.0,2045654.0,2475583.0,2083947.6666666667,106.33333333333333,0,4,2,1986056.0
M0016,2024-07,1986056,106,105,18736.377358490565,2058419.0,-3.52,0.95,가맹점_16,IT서비스,인천,정체,226972.0,9422,24.09,정상,7,2024,2058419.0,2147770.0,2045654.0,2064081.6666666667,107.66666666666667,0,4,2,1922009.0
M0016,2024-08,1922009,100,98,19220.09,1986056.0,-3.22,2.04,가맹점_16,IT서비스,인천,정체,235346.0,31697,7.42,정상,8,2024,1986056.0,2058419.0,2147770.0,1988828.0,105.66666666666667,0,4,2,2321802.0
M0016,2024-09,2321802,120,120,19348.35,1922009.0,20.8,0.0,가맹점_16,IT서비스,인천,정체,232180.0,32920,7.05,정상,9,2024,1922009.0,1986056.0,2058419.0,2076622.3333333333,108.66666666666667,0,4,2,2689524.0
M0016,2024-10,2689524,124,122,21689.709677419356,2321802.0,15.84,1.64,가맹점_16,IT서비스,인천,정체,264545.0,12692,20.84,정상,10,2024,2321802.0,1922009.0,1986056.0,2311111.6666666665,114.66666666666667,0,4,2,2143283.0
M0016,2024-11,2143283,110,107,19484.390909090907,2689524.0,-20.31,1.87,가맹점_16,IT서비스,인천,정체,238185.0,14355,16.59,정상,11,2024,2689524.0,2321802.0,1922009.0,2384869.6666666665,118.0,0,4,2,2136698.0
M0016,2024-12,2136698,105,104,20349.504761904762,2143283.0,-0.31,0.96,가맹점_16,IT서비스,인천,정체,246538.0,14077,17.51,정상,12,2024,2143283.0,2689524.0,2321802.0,2323168.3333333335,113.0,0,4,2,1852611.0
M0016,2025-01,1852611,91,89,20358.362637362636,2136698.0,-13.3,2.25,가맹점_16,IT서비스,인천,정체,249797.0,25766,9.69,정상,1,2025,2136698.0,2143283.0,2689524.0,2044197.3333333333,102.0,0,4,2,1703882.0
M0016,2025-02,1703882,87,86,19584.850574712644,1852611.0,-8.03,1.16,가맹점_16,IT서비스,인천,정체,237744.0,33530,7.09,정상,2,2025,1852611.0,2136698.0,2143283.0,1897730.3333333333,94.33333333333333,0,4,2,1815860.0
M0016,2025-03,1815860,94,93,19317.659574468085,1703882.0,6.57,1.08,가맹점_16,IT서비스,인천,정체,234315.0,17782,13.18,정상,3,2025,1703882.0,1852611.0,2136698.0,1790784.3333333333,90.66666666666667,0,4,2,1576012.0
M0016,2025-04,1576012,86,85,18325.720930232557,1815860.0,-13.21,1.18,가맹점_16,IT서비스,인천,정체,222504.0,24423,9.11,정상,4,2025,1815860.0,1703882.0,1852611.0,1698584.6666666667,89.0,0,4,2,1759714.0
M0016,2025-05,1759714,88,87,19996.75,1576012.0,11.66,1.15,가맹점_16,IT서비스,인천,정체,242721.0,25169,9.64,정상,5,2025,1576012.0,1815860.0,1703882.0,1717195.3333333333,89.33333333333333,0,4,2,2255320.0
M0016,2025-06,2255320,115,114,19611.478260869564,1759714.0,28.16,0.88,가맹점_16,IT서비스,인천,정체,237409.0,14913,15.92,정상,6,2025,1759714.0,1576012.0,1815860.0,1863682.0,96.33333333333333,0,4,2,2098915.0
M0016,2025-07,2098915,102,102,20577.598039215685,2255320.0,-6.93,0.0,가맹점_16,IT서비스,인천,정체,246931.0,18498,13.35,정상,7,2025,2255320.0,1759714.0,1576012.0,2037983.0,101.66666666666667,0,4,2,2538702.0
M0016,2025-08,2538702,129,126,19679.86046511628,2098915.0,20.95,2.38,가맹점_16,IT서비스,인천,정체,241779.0,12831,18.84,정상,8,2025,2098915.0,2255320.0,1759714.0,2297645.6666666665,115.33333333333333,0,4,2,2134186.0
M0016,2025-09,2134186,108,107,19760.98148148148,2538702.0,-15.93,0.93,가맹점_16,IT서비스,인천,정체,239337.0,22390,10.69,정상,9,2025,2538702.0,2098915.0,2255320.0,2257267.6666666665,113.0,0,4,2,2039035.0
M0016,2025-10,2039035,103,101,19796.456310679612,2134186.0,-4.46,1.98,가맹점_16,IT서비스,인천,정체,242261.0,31758,7.63,정상,10,2025,2134186.0,2538702.0,2098915.0,2237307.6666666665,113.33333333333333,0,4,2,2190131.0
M0016,2025-11,2190131,117,117,18719.068376068375,2039035.0,7.41,0.0,가맹점_16,IT서비스,인천,정체,224629.0,14484,15.51,정상,11,2025,2039035.0,2134186.0,2538702.0,2121117.3333333335,109.33333333333333,0,4,2,2133332.0
M0016,2025-12,2133332,106,106,20125.77358490566,2190131.0,-2.59,0.0,가맹점_16,IT서비스,인천,정체,241509.0,19011,12.7,정상,12,2025,2190131.0,2039035.0,2134186.0,2120832.6666666665,108.66666666666667,0,4,2,
M0017,2023-01,1002523,40,40,25063.075,,,0.0,가맹점_17,피트니스,부산,안정,300757.0,12350,24.35,정상,1,2023,,,,1002523.0,40.0,7,2,1,924019.0
M0017,2023-02,924019,37,37,24973.486486486487,1002523.0,-7.83,0.0,가맹점_17,피트니스,부산,안정,299682.0,31943,9.38,정상,2,2023,1002523.0,,,963271.0,38.5,7,2,1,1388432.0
M0017,2023-03,1388432,49,49,28335.34693877551,924019.0,50.26,0.0,가맹점_17,피트니스,부산,안정,340024.0,8622,39.44,정상,3,2023,924019.0,1002523.0,,1104991.3333333333,42.0,7,2,1,968494.0
M0017,2023-04,968494,38,38,25486.684210526317,1388432.0,-30.25,0.0,가맹점_17,피트니스,부산,안정,305840.0,15973,19.15,정상,4,2023,1388432.0,924019.0,1002523.0,1093648.3333333333,41.333333333333336,7,2,1,1144213.0
M0017,2023-05,1144213,45,45,25426.955555555556,968494.0,18.14,0.0,가맹점_17,피트니스,부산,안정,305123.0,25872,11.79,정상,5,2023,968494.0,1388432.0,924019.0,1167046.3333333333,44.0,7,2,1,1271514.0
M0017,2023-06,1271514,50,50,25430.28,1144213.0,11.13,0.0,가맹점_17,피트니스,부산,안정,305163.0,25828,11.82,정상,6,2023,1144213.0,968494.0,1388432.0,1128073.6666666667,44.333333333333336,7,2,1,1218115.0
M0017,2023-07,1218115,49,49,24859.48979591837,1271514.0,-4.2,0.0,가맹점_17,피트니스,부산,안정,298314.0,34153,8.73,정상,7,2023,1271514.0,1144213.0,968494.0,1211280.6666666667,48.0,7,2,1,1539325.0
M0017,2023-08,1539325,53,53,29043.867924528302,1218115.0,26.37,0.0,가맹점_17,피트니스,부산,안정,348526.0,26084,13.36,정상,8,2023,1218115.0,1271514.0,1144213.0,1342984.6666666667,50.666666666666664,7,2,1,1401990.0
M0017,2023-09,1401990,51,51,27490.0,1539325.0,-8.92,0.0,가맹점_17,피트니스,부산,안정,329880.0,17712,18.62,정상,9,2023,1539325.0,1218115.0,1271514.0,1386476.6666666667,51.0,7,2,1,1075468.0
M0017,2023-10,1075468,44,44,24442.454545454544,1401990.0,-23.29,0.0,가맹점_17,피트니스,부산,안정,293309.0,22815,12.86,정상,10,2023,1401990.0,1539325.0,1218115.0,1338927.6666666667,49.333333333333336,7,2,1,1610779.0
M0017,2023-11,1610779,57,56,28259.280701754386,1075468.0,49.77,1.79,가맹점_17,피트니스,부산,안정,345181.0,24944,13.84,정상,11,2023,1075468.0,1401990.0,1539325.0,1362745.6666666667,50.666666666666664,7,2,1,1372761.0
M0017,2023-12,1372761,50,49,27455.22,1610779.0,-14.78,2.04,가맹점_17,피트니스,부산,안정,336184.0,33463,10.05,정상,12,2023,1610779.0,1075468.0,1401990.0,1353002.6666666667,50.333333333333336,7,2,1,1096364.0
M0017,2024-01,1096364,42,42,26103.904761904763,1372761.0,-20.13,0.0,가맹점_17,피트니스,부산,안정,313247.0,20699,15.13,정상,1,2024,1372761.0,1610779.0,1075468.0,1359968.0,49.666666666666664,7,2,1,1020770.0
M0017,2024-02,1020770,37,37,27588.37837837838,1096364.0,-6.89,0.0,가맹점_17,피트니스,부산,안정,331061.0,10342,32.01,정상,2,2024,1096364.0,1372761.0,1610779.0,1163298.3333333333,43.0,7,2,1,1144137.0
M0017,2024-03,1144137,44,44,26003.113636363636,1020770.0,12.09,0.0,가맹점_17,피트니스,부산,안정,312037.0,10012,31.17,정상,3,2024,1020770.0,1096364.0,1372761.0,1087090.3333333333,41.0,7,2,1,1539039.0
M0017,2024-04,1539039,50,50,30780.78,1144137.0,34.52,0.0,가맹점_17,피트니스,부산,안정,369369.0,28375,13.02,정상,4,2024,1144137.0,1020770.0,1096364.0,1234648.6666666667,43.666666666666664,7,2,1,991056.0
M0017,2024-05,991056,39,39,25411.69230769231,1539039.0,-35.61,0.0,가맹점_17,피트니스,부산,안정,304940.0,14017,21.76,정상,5,2024,1539039.0,1144137.0,1020770.0,1224744.0,44.333333333333336,7,2,1,1280920.0
M0017,2024-06,1280920,50,50,25618.4,991056.0,29.25,0.0,가맹점_17,피트니스,부산,안정,307421.0,26939,11.41,정상,6,2024,991056.0,1539039.0,1144137.0,1270338.3333333333,46.333333333333336,7,2,1,1928245.0
M0017,2024-07,1928245,67,67,28779.776119402984,1280920.0,50.54,0.0,가맹점_17,피트니스,부산,안정,345357.0,19262,17.93,정상,7,2024,1280920.0,991056.0,1539039.0,1400073.6666666667,52.0,7,2,1,1568209.0
M0017,2024-08,1568209,58,58,27038.08620689655,1928245.0,-18.67,0.0,가맹점_17,피트니스,부산,안정,324457.0,18426,17.61,정상,8,2024,1928245.0,1280920.0,991056.0,1592458.0,58.333333333333336,7,2,1,988245.0
M0017,2024-09,988245,42,42,23529.64285714286,1568209.0,-36.98,0.0,가맹점_17,피트니스,부산,안정,282356.0,10053,28.09,정상,9,2024,1568209.0,1928245.0,1280920.0,1494899.6666666667,55.666666666666664,7,2,1,763908.0
M0017,2024-10,763908,35,35,21825.942857142858,988245.0,-22.7,0.0,가맹점_17,피트니스,부산,안정,261911.0,16826,15.57,정상,10,2024,988245.0,1568209.0,1928245.0,1106787.3333333333,45.0,7,2,1,1837623.0
M0017,2024-11,1837623,65,65,28271.123076923075,763908.0,140.56,0.0,가맹점_17,피트니스,부산,안정,339253.0,21440,15.82,정상,11,2024,763908.0,988245.0,1568209.0,1196592.0,47.333333333333336,7,2,1,1406685.0
M0017,2024-12,1406685,50,50,28133.7,1837623.0,-23.45,0.0,가맹점_17,피트니스,부산,안정,337604.0,15835,21.32,정상,12,2024,1837623.0,763908.0,988245.0,1336072.0,50.0,7,2,1,1056007.0
M0017,2025-01,1056007,40,40,26400.175,1406685.0,-24.93,0.0,가맹점_17,피트니스,부산,안정,316802.0,26940,11.76,정상,1,2025,1406685.0,1837623.0,763908.0,1433438.3333333333,51.666666666666664,7,2,1,1020152.0
M0017,2025-02,1020152,33,32,30913.696969696968,1056007.0,-3.4,3.12,가맹점_17,피트니스,부산,안정,382538.0,17721,21.59,정상,2,2025,1056007.0,1406685.0,1837623.0,1160948.0,41.0,7,2,1,925778.0
M0017,2025-03,925778,35,35,26450.8,1020152.0,-9.25,0.0,가맹점_17,피트니스,부산,안정,317410.0,22682,13.99,정상,3,2025,1020152.0,1056007.0,1406685.0,1000645.6666666666,36.0,7,2,1,1434360.0
M0017,2025-04,1434360,57,57,25164.21052631579,925778.0,54.94,0.0,가맹점_17,피트니스,부산,안정,301971.0,19089,15.82,정상,4,2025,925778.0,1020152.0,1056007.0,1126763.3333333333,41.666666666666664,7,2,1,951759.0
M0017,2025-05,951759,36,36,26437.75,1434360.0,-33.65,0.0,가맹점_17,피트니스,부산,안정,317253.0,12745,24.89,정상,5,2025,1434360.0,925778.0,1020152.0,1103965.6666666667,42.666666666666664,7,2,1,2364189.0
M0017,2025-06,2364189,35,35,67548.25714285714,951759.0,148.4,0.0,가맹점_17,피트니스,부산,안정,810579.0,24547,33.02,revenue_spike,6,2025,951759.0,1434360.0,925778.0,1583436.0,42.666666666666664,7,2,1,1342301.0
M0017,2025-07,1342301,50,50,26846.02,2364189.0,-43.22,0.0,가맹점_17,피트니스,부산,안정,322152.0,29120,11.06,정상,7,2025,2364189.0,951759.0,1434360.0,1552749.6666666667,40.333333333333336,7,2,1,1136153.0
M0017,2025-08,1136153,43,42,26422.162790697676,1342301.0,-15.36,2.38,가맹점_17,피트니스,부산,안정,324612.0,19636,16.53,정상,8,2025,1342301.0,2364189.0,951759.0,1614214.3333333333,42.666666666666664,7,2,1,1091331.0
M0017,2025-09,1091331,42,42,25984.071428571428,1136153.0,-3.95,0.0,가맹점_17,피트니스,부산,안정,311809.0,25655,12.15,정상,9,2025,1136153.0,1342301.0,2364189.0,1189928.3333333333,45.0,7,2,1,1002494.0
M0017,2025-10,1002494,43,42,23313.81395348837,1091331.0,-8.14,2.38,가맹점_17,피트니스,부산,안정,286424.0,33041,8.67,정상,10,2025,1091331.0,1136153.0,1342301.0,1076659.3333333333,42.666666666666664,7,2,1,1273815.0
M0017,2025-11,1273815,50,50,25476.3,1002494.0,27.06,0.0,가맹점_17,피트니스,부산,안정,305716.0,13206,23.15,정상,11,2025,1002494.0,1091331.0,1136153.0,1122546.6666666667,45.0,7,2,1,1378399.0
M0017,2025-12,1378399,56,56,24614.26785714286,1273815.0,8.21,0.0,가맹점_17,피트니스,부산,안정,295371.0,19388,15.23,정상,12,2025,1273815.0,1002494.0,1091331.0,1218236.0,49.666666666666664,7,2,1,
M0018,2023-01,937951,30,30,31265.033333333333,,,0.0,가맹점_18,카페,인천,안정,375180.0,16840,22.28,정상,1,2023,,,,937951.0,30.0,6,4,1,1630143.0
M0018,2023-02,1630143,42,42,38812.92857142857,937951.0,73.8,0.0,가맹점_18,카페,인천,안정,465755.0,28060,16.6,정상,2,2023,937951.0,,,1284047.0,36.0,6,4,1,1984320.0
M0018,2023-03,1984320,57,57,34812.63157894737,1630143.0,21.73,0.0,가맹점_18,카페,인천,안정,417752.0,18837,22.18,정상,3,2023,1630143.0,937951.0,,1517471.3333333333,43.0,6,4,1,1370753.0
M0018,2023-04,1370753,41,41,33433.0,1984320.0,-30.92,0.0,가맹점_18,카페,인천,안정,401196.0,20171,19.89,정상,4,2023,1984320.0,1630143.0,937951.0,1661738.6666666667,46.666666666666664,6,4,1,875322.0
M0018,2023-05,875322,28,28,31261.5,1370753.0,-36.14,0.0,가맹점_18,카페,인천,안정,375138.0,33923,11.06,정상,5,2023,1370753.0,1984320.0,1630143.0,1410131.6666666667,42.0,6,4,1,1907886.0
M0018,2023-06,1907886,55,55,34688.836363636365,875322.0,117.96,0.0,가맹점_18,카페,인천,안정,416266.0,23435,17.76,정상,6,2023,875322.0,1370753.0,1984320.0,1384653.6666666667,41.333333333333336,6,4,1,1730796.0
M0018,2023-07,1730796,48,48,36058.25,1907886.0,-9.28,0.0,가맹점_18,카페,인천,안정,432699.0,17147,25.23,정상,7,2023,1907886.0,875322.0,1370753.0,1504668.0,43.666666666666664,6,4,1,2009899.0
M0018,2023-08,2009899,61,61,32949.16393442623,1730796.0,16.13,0.0,가맹점_18,카페,인천,안정,395390.0,33201,11.91,정상,8,2023,1730796.0,1907886.0,875322.0,1882860.3333333333,54.666666666666664,6,4,1,1301465.0
M0018,2023-09,1301465,38,38,34249.07894736842,2009899.0,-35.25,0.0,가맹점_18,카페,인천,안정,410989.0,8394,48.96,정상,9,2023,2009899.0,1730796.0,1907886.0,1680720.0,49.0,6,4,1,1506986.0
M0018,2023-10,1506986,43,43,35046.186046511626,1301465.0,15.79,0.0,가맹점_18,카페,인천,안정,420554.0,17054,24.66,정상,10,2023,1301465.0,2009899.0,1730796.0,1606116.6666666667,47.333333333333336,6,4,1,1515844.0
M0018,2023-11,1515844,43,43,35252.186046511626,1506986.0,0.59,0.0,가맹점_18,카페,인천,안정,423026.0,10903,38.8,정상,11,2023,1506986.0,1301465.0,2009899.0,1441431.6666666667,41.333333333333336,6,4,1,1675775.0
M0018,2023-12,1675775,48,46,34911.979166666664,1515844.0,10.55,4.35,가맹점_18,카페,인천,안정,437168.0,32720,13.36,정상,12,2023,1515844.0,1506986.0,1301465.0,1566201.6666666667,44.666666666666664,6,4,1,997001.0
M0018,2024-01,997001,27,27,36925.96296296296,1675775.0,-40.51,0.0,가맹점_18,카페,인천,안정,443112.0,19881,22.29,정상,1,2024,1675775.0,1515844.0,1506986.0,1396206.6666666667,39.333333333333336,6,4,1,1313540.0
M0018,2024-02,1313540,37,37,35501.08108108108,997001.0,31.75,0.0,가맹점_18,카페,인천,안정,426013.0,10830,39.34,정상,2,2024,997001.0,1675775.0,1515844.0,1328772.0,37.333333333333336,6,4,1,915363.0
M0018,2024-03,915363,28,28,32691.535714285714,1313540.0,-30.31,0.0,가맹점_18,카페,인천,안정,392298.0,14519,27.02,정상,3,2024,1313540.0,997001.0,1675775.0,1075301.3333333333,30.666666666666668,6,4,1,1619146.0
M0018,2024-04,1619146,47,47,34449.914893617024,915363.0,76.89,0.0,가맹점_18,카페,인천,안정,413399.0,28184,14.67,정상,4,2024,915363.0,1313540.0,997001.0,1282683.0,37.333333333333336,6,4,1,1318994.0
M0018,2024-05,1318994,35,34,37685.54285714286,1619146.0,-18.54,2.94,가맹점_18,카페,인천,안정,465522.0,32806,14.19,정상,5,2024,1619146.0,915363.0,1313540.0,1284501.0,36.666666666666664,6,4,1,1878574.0
M0018,2024-06,1878574,49,49,38338.244897959186,1318994.0,42.42,0.0,가맹점_18,카페,인천,안정,460059.0,11514,39.96,정상,6,2024,1318994.0,1619146.0,915363.0,1605571.3333333333,43.666666666666664,6,4,1,1701820.0
M0018,2024-07,1701820,48,48,35454.583333333336,1878574.0,-9.41,0.0,가맹점_18,카페,인천,안정,425455.0,9693,43.89,정상,7,2024,1878574.0,1318994.0,1619146.0,1633129.3333333333,44.0,6,4,1,1529956.0
M0018,2024-08,1529956,42,42,36427.52380952381,1701820.0,-10.1,0.0,가맹점_18,카페,인천,안정,437130.0,13143,33.26,정상,8,2024,1701820.0,1878574.0,1318994.0,1703450.0,46.333333333333336,6,4,1,1499516.0
M0018,2024-09,1499516,47,47,31904.59574468085,1529956.0,-1.99,0.0,가맹점_18,카페,인천,안정,382855.0,22954,16.68,정상,9,2024,1529956.0,1701820.0,1878574.0,1577097.3333333333,45.666666666666664,6,4,1,1817530.0
M0018,2024-10,1817530,47,47,38670.85106382979,1499516.0,21.21,0.0,가맹점_18,카페,인천,안정,464050.0,17410,26.65,정상,10,2024,1499516.0,1529956.0,1701820.0,1615667.3333333333,45.333333333333336,6,4,1,1927154.0
M0018,2024-11,1927154,47,46,41003.27659574468,1817530.0,6.03,2.17,가맹점_18,카페,인천,안정,502717.0,20539,24.48,정상,11,2024,1817530.0,1499516.0,1529956.0,1748066.6666666667,47.0,6,4,1,3352029.0
M0018,2024-12,3352029,51,51,65726.05882352941,1927154.0,73.94,0.0,가맹점_18,카페,인천,안정,788713.0,16960,46.5,aov_spike,12,2024,1927154.0,1817530.0,1499516.0,2365571.0,48.333333333333336,6,4,1,1124914.0
M0018,2025-01,1124914,33,33,34088.30303030303,3352029.0,-66.44,0.0,가맹점_18,카페,인천,안정,409060.0,8832,46.32,정상,1,2025,3352029.0,1927154.0,1817530.0,2134699.0,43.666666666666664,6,4,1,1221416.0
M0018,2025-02,1221416,37,37,33011.24324324324,1124914.0,8.58,0.0,가맹점_18,카페,인천,안정,396135.0,16227,24.41,정상,2,2025,1124914.0,3352029.0,1927154.0,1899453.0,40.333333333333336,6,4,1,1878594.0
M0018,2025-03,1878594,48,47,39137.375,1221416.0,53.8,2.13,가맹점_18,카페,인천,안정,479652.0,24765,19.37,정상,3,2025,1221416.0,1124914.0,3352029.0,1408308.0,39.333333333333336,6,4,1,1209242.0
M0018,2025-04,1209242,31,31,39007.8064516129,1878594.0,-35.63,0.0,가맹점_18,카페,인천,안정,468094.0,29768,15.72,정상,4,2025,1878594.0,1221416.0,1124914.0,1436417.3333333333,38.666666666666664,6,4,1,1208559.0
M0018,2025-05,1208559,35,35,34530.25714285715,1209242.0,-0.06,0.0,가맹점_18,카페,인천,안정,414363.0,10595,39.11,정상,5,2025,1209242.0,1878594.0,1221416.0,1432131.6666666667,38.0,6,4,1,1518816.0
M0018,2025-06,1518816,40,39,37970.4,1208559.0,25.67,2.56,가맹점_18,카페,인천,안정,467309.0,29815,15.67,정상,6,2025,1208559.0,1209242.0,1878594.0,1312205.6666666667,35.333333333333336,6,4,1,1567989.0
M0018,2025-07,1567989,45,45,34844.2,1518816.0,3.24,0.0,가맹점_18,카페,인천,안정,418130.0,27532,15.19,정상,7,2025,1518816.0,1208559.0,1209242.0,1431788.0,40.0,6,4,1,1443588.0
M0018,2025-08,1443588,47,47,30714.63829787234,1567989.0,-7.93,0.0,가맹점_18,카페,인천,안정,368576.0,16874,21.84,정상,8,2025,1567989.0,1518816.0,1208559.0,1510131.0,44.0,6,4,1,1396305.0
M0018,2025-09,1396305,41,40,34056.21951219512,1443588.0,-3.28,2.5,가맹점_18,카페,인천,안정,418892.0,26335,15.91,정상,9,2025,1443588.0,1567989.0,1518816.0,1469294.0,44.333333333333336,6,4,1,1515739.0
M0018,2025-10,1515739,44,43,34448.61363636364,1396305.0,8.55,2.33,가맹점_18,카페,인천,안정,423015.0,29320,14.43,정상,10,2025,1396305.0,1443588.0,1567989.0,1451877.3333333333,44.0,6,4,1,2205179.0
M0018,2025-11,2205179,62,62,35567.403225806454,1515739.0,45.49,0.0,가맹점_18,카페,인천,안정,426809.0,27266,15.65,정상,11,2025,1515739.0,1396305.0,1443588.0,1705741.0,49.0,6,4,1,1480647.0
M0018,2025-12,1480647,45,45,32903.26666666667,2205179.0,-32.86,0.0,가맹점_18,카페,인천,안정,394839.0,20515,19.25,정상,12,2025,2205179.0,1515739.0,1396305.0,1733855.0,50.333333333333336,6,4,1,
M0019,2023-01,874238,52,52,16812.26923076923,,,0.0,가맹점_19,IT서비스,대구,정체,201747.0,11750,17.17,정상,1,2023,,,,874238.0,52.0,0,1,2,692313.0
M0019,2023-02,692313,47,47,14730.063829787234,874238.0,-20.81,0.0,가맹점_19,IT서비스,대구,정체,176761.0,27787,6.36,정상,2,2023,874238.0,,,783275.5,49.5,0,1,2,962367.0
M0019,2023-03,962367,62,62,15522.048387096775,692313.0,39.01,0.0,가맹점_19,IT서비스,대구,정체,186265.0,11933,15.61,정상,3,2023,692313.0,874238.0,,842972.6666666666,53.666666666666664,0,1,2,995007.0
M0019,2023-04,995007,64,64,15546.984375,962367.0,3.39,0.0,가맹점_19,IT서비스,대구,정체,186564.0,27687,6.74,정상,4,2023,962367.0,692313.0,874238.0,883229.0,57.666666666666664,0,1,2,932259.0
M0019,2023-05,932259,55,53,16950.163636363635,995007.0,-6.31,3.77,가맹점_19,IT서비스,대구,정체,211070.0,23892,8.83,정상,5,2023,995007.0,962367.0,692313.0,963211.0,60.333333333333336,0,1,2,1145388.0
M0019,2023-06,1145388,73,73,15690.246575342466,932259.0,22.86,0.0,가맹점_19,IT서비스,대구,정체,188283.0,26934,6.99,정상,6,2023,932259.0,995007.0,962367.0,1024218.0,64.0,0,1,2,1055541.0
M0019,2023-07,1055541,60,60,17592.35,1145388.0,-7.84,0.0,가맹점_19,IT서비스,대구,정체,211108.0,14132,14.94,정상,7,2023,1145388.0,932259.0,995007.0,1044396.0,62.666666666666664,0,1,2,1410525.0
M0019,2023-08,1410525,77,76,18318.506493506495,1055541.0,33.63,1.32,가맹점_19,IT서비스,대구,정체,222724.0,16718,13.32,정상,8,2023,1055541.0,1145388.0,932259.0,1203818.0,70.0,0,1,2,1159789.0
M0019,2023-09,1159789,75,72,15463.853333333333,1410525.0,-17.78,2.78,가맹점_19,IT서비스,대구,정체,190725.0,30037,6.35,정상,9,2023,1410525.0,1055541.0,1145388.0,1208618.3333333333,70.66666666666667,0,1,2,1134187.0
M0019,2023-10,1134187,70,70,16202.671428571428,1159789.0,-2.21,0.0,가맹점_19,IT서비스,대구,정체,194432.0,21690,8.96,정상,10,2023,1159789.0,1410525.0,1055541.0,1234833.6666666667,74.0,0,1,2,1310577.0
M0019,2023-11,1310577,83,83,15790.084337349397,1134187.0,15.55,0.0,가맹점_19,IT서비스,대구,정체,189481.0,10039,18.87,정상,11,2023,1134187.0,1159789.0,1410525.0,1201517.6666666667,76.0,0,1,2,1001587.0
M0019,2023-12,1001587,70,69,14308.385714285714,1310577.0,-23.58,1.45,가맹점_19,IT서비스,대구,정체,174190.0,21721,8.02,정상,12,2023,1310577.0,1134187.0,1159789.0,1148783.6666666667,74.33333333333333,0,1,2,846270.0
M0019,2024-01,846270,58,57,14590.862068965518,1001587.0,-15.51,1.75,가맹점_19,IT서비스,대구,정체,178154.0,30292,5.88,정상,1,2024,1001587.0,1310577.0,1134187.0,1052811.3333333333,70.33333333333333,0,1,2,779358.0
M0019,2024-02,779358,45,45,17319.066666666666,846270.0,-7.91,0.0,가맹점_19,IT서비스,대구,정체,207829.0,8884,23.39,정상,2,2024,846270.0,1001587.0,1310577.0,875738.3333333334,57.666666666666664,0,1,2,811212.0
M0019,2024-03,811212,47,46,17259.82978723404,779358.0,4.09,2.17,가맹점_19,IT서비스,대구,정체,211612.0,11074,19.11,정상,3,2024,779358.0,846270.0,1001587.0,812280.0,50.0,0,1,2,895216.0
M0019,2024-04,895216,57,56,15705.543859649122,811212.0,10.36,1.79,가맹점_19,IT서비스,대구,정체,191840.0,32797,5.85,정상,4,2024,811212.0,779358.0,846270.0,828595.3333333334,49.666666666666664,0,1,2,928909.0
M0019,2024-05,928909,62,62,14982.40322580645,895216.0,3.76,0.0,가맹점_19,IT서비스,대구,정체,179789.0,28819,6.24,정상,5,2024,895216.0,811212.0,779358.0,878445.6666666666,55.333333333333336,0,1,2,972238.0
M0019,2024-06,972238,65,64,14957.507692307692,928909.0,4.66,1.56,가맹점_19,IT서비스,대구,정체,182290.0,34162,5.34,정상,6,2024,928909.0,895216.0,811212.0,932121.0,61.333333333333336,0,1,2,944777.0
M0019,2024-07,944777,60,60,15746.283333333333,972238.0,-2.82,0.0,가맹점_19,IT서비스,대구,정체,188955.0,17893,10.56,정상,7,2024,972238.0,928909.0,895216.0,948641.3333333334,62.333333333333336,0,1,2,1138355.0
M0019,2024-08,1138355,71,71,16033.169014084508,944777.0,20.49,0.0,가맹점_19,IT서비스,대구,정체,192398.0,15674,12.27,정상,8,2024,944777.0,972238.0,928909.0,1018456.6666666666,65.33333333333333,0,1,2,934956.0
M0019,2024-09,934956,61,60,15327.147540983606,1138355.0,-17.87,1.67,가맹점_19,IT서비스,대구,정체,186997.0,14734,12.69,정상,9,2024,1138355.0,944777.0,972238.0,1006029.3333333334,64.0,0,1,2,1078872.0
M0019,2024-10,1078872,62,62,17401.16129032258,934956.0,15.39,0.0,가맹점_19,IT서비스,대구,정체,208814.0,11699,17.85,정상,10,2024,934956.0,1138355.0,944777.0,1050727.6666666667,64.66666666666667,0,1,2,995742.0
M0019,2024-11,995742,61,61,16323.639344262296,1078872.0,-7.71,0.0,가맹점_19,IT서비스,대구,정체,195884.0,13391,14.63,정상,11,2024,1078872.0,934956.0,1138355.0,1003190.0,61.333333333333336,0,1,2,936664.0
M0019,2024-12,936664,57,57,16432.701754385966,995742.0,-5.93,0.0,가맹점_19,IT서비스,대구,정체,197192.0,17185,11.47,정상,12,2024,995742.0,1078872.0,934956.0,1003759.3333333334,60.0,0,1,2,885944.0
M0019,2025-01,885944,60,60,14765.733333333334,936664.0,-5.41,0.0,가맹점_19,IT서비스,대구,정체,177189.0,20194,8.77,정상,1,2025,936664.0,995742.0,1078872.0,939450.0,59.333333333333336,0,1,2,652505.0
M0019,2025-02,652505,44,43,14829.65909090909,885944.0,-26.35,2.33,가맹점_19,IT서비스,대구,정체,182102.0,12975,14.03,정상,2,2025,885944.0,936664.0,995742.0,825037.6666666666,53.666666666666664,0,1,2,726431.0
M0019,2025-03,726431,50,50,14528.62,652505.0,11.33,0.0,가맹점_19,IT서비스,대구,정체,174343.0,12906,13.51,정상,3,2025,652505.0,885944.0,936664.0,754960.0,51.333333333333336,0,1,2,1144236.0
M0019,2025-04,1144236,68,68,16827.0,726431.0,57.51,0.0,가맹점_19,IT서비스,대구,정체,201924.0,9054,22.3,정상,4,2025,726431.0,652505.0,885944.0,841057.3333333334,54.0,0,1,2,977958.0
M0019,2025-05,977958,55,54,17781.054545454546,1144236.0,-14.53,1.85,가맹점_19,IT서비스,대구,정체,217320.0,11712,18.56,정상,5,2025,1144236.0,726431.0,652505.0,949541.6666666666,57.666666666666664,0,1,2,835696.0
M0019,2025-06,835696,55,55,15194.472727272727,977958.0,-14.55,0.0,가맹점_19,IT서비스,대구,정체,182334.0,24061,7.58,정상,6,2025,977958.0,1144236.0,726431.0,985963.3333333334,59.333333333333336,0,1,2,1050017.0
M0019,2025-07,1050017,67,66,15671.89552238806,835696.0,25.65,1.52,가맹점_19,IT서비스,대구,정체,190921.0,8349,22.87,정상,7,2025,835696.0,977958.0,1144236.0,954557.0,59.0,0,1,2,844998.0
M0019,2025-08,844998,53,53,15943.358490566037,1050017.0,-19.53,0.0,가맹점_19,IT서비스,대구,정체,191320.0,31457,6.08,정상,8,2025,1050017.0,835696.0,977958.0,910237.0,58.333333333333336,0,1,2,876809.0
M0019,2025-09,876809,58,58,15117.396551724138,844998.0,3.76,0.0,가맹점_19,IT서비스,대구,정체,181409.0,26551,6.83,정상,9,2025,844998.0,1050017.0,835696.0,923941.3333333334,59.333333333333336,0,1,2,971501.0
M0019,2025-10,971501,60,59,16191.683333333332,876809.0,10.8,1.69,가맹점_19,IT서비스,대구,정체,197584.0,20937,9.44,정상,10,2025,876809.0,844998.0,1050017.0,897769.3333333334,57.0,0,1,2,1094085.0
M0019,2025-11,1094085,68,67,16089.485294117647,971501.0,12.62,1.49,가맹점_19,IT서비스,대구,정체,195951.0,26984,7.26,정상,11,2025,971501.0,876809.0,844998.0,980798.3333333334,62.0,0,1,2,1146399.0
M0019,2025-12,1146399,73,73,15704.09589041096,1094085.0,4.78,0.0,가맹점_19,IT서비스,대구,정체,188449.0,29993,6.28,정상,12,2025,1094085.0,971501.0,876809.0,1070661.6666666667,67.0,0,1,2,
M0020,2023-01,3349074,80,80,41863.425,,,0.0,가맹점_20,뷰티,대구,급성장,502361.0,8240,60.97,정상,1,2023,,,,3349074.0,80.0,3,1,0,3623918.0
M0020,2023-02,3623918,88,88,41180.88636363636,3349074.0,8.21,0.0,가맹점_20,뷰티,대구,급성장,494171.0,14590,33.87,정상,2,2023,3349074.0,,,3486496.0,84.0,3,1,0,4954904.0
M0020,2023-03,4954904,115,115,43086.12173913044,3623918.0,36.73,0.0,가맹점_20,뷰티,대구,급성장,517033.0,29887,17.3,정상,3,2023,3623918.0,3349074.0,,3975965.3333333335,94.33333333333333,3,1,0,5491900.0
M0020,2023-04,5491900,117,117,46939.31623931624,4954904.0,10.84,0.0,가맹점_20,뷰티,대구,급성장,563272.0,25460,22.12,정상,4,2023,4954904.0,3623918.0,3349074.0,4690240.666666667,106.66666666666667,3,1,0,5553388.0
M0020,2023-05,5553388,119,118,46667.12605042017,5491900.0,1.12,0.85,가맹점_20,뷰티,대구,급성장,564766.0,13181,42.85,정상,5,2023,5491900.0,4954904.0,3623918.0,5333397.333333333,117.0,3,1,0,6484031.0
M0020,2023-06,6484031,145,141,44717.45517241379,5553388.0,16.76,2.84,가맹점_20,뷰티,대구,급성장,551849.0,27181,20.3,정상,6,2023,5553388.0,5491900.0,4954904.0,5843106.333333333,127.0,3,1,0,12300536.0
M0020,2023-07,12300536,132,131,93185.87878787878,6484031.0,89.71,0.76,가맹점_20,뷰티,대구,급성장,1126729.0,29849,37.75,aov_spike,7,2023,6484031.0,5553388.0,5491900.0,8112651.666666667,132.0,3,1,0,7292652.0
M0020,2023-08,7292652,163,163,44740.1963190184,12300536.0,-40.71,0.0,가맹점_20,뷰티,대구,급성장,536882.0,22650,23.7,정상,8,2023,12300536.0,6484031.0,5553388.0,8692406.333333334,146.66666666666666,3,1,0,11332465.0
M0020,2023-09,11332465,123,121,92133.86178861788,7292652.0,55.4,1.65,가맹점_20,뷰티,대구,급성장,1123849.0,20000,56.19,aov_spike,9,2023,7292652.0,12300536.0,6484031.0,10308551.0,139.33333333333334,3,1,0,7190070.0
M0020,2023-10,7190070,160,159,44937.9375,11332465.0,-36.55,0.63,가맹점_20,뷰티,대구,급성장,542653.0,18388,29.51,정상,10,2023,11332465.0,7292652.0,12300536.0,8605062.333333334,148.66666666666666,3,1,0,6546194.0
M0020,2023-11,6546194,138,137,47436.188405797104,7190070.0,-8.96,0.73,가맹점_20,뷰티,대구,급성장,573390.0,24072,23.82,정상,11,2023,7190070.0,11332465.0,7292652.0,8356243.0,140.33333333333334,3,1,0,7356026.0
M0020,2023-12,7356026,159,155,46264.3144654088,6546194.0,12.37,2.58,가맹점_20,뷰티,대구,급성장,569495.0,34315,16.6,정상,12,2023,6546194.0,7190070.0,11332465.0,7030763.333333333,152.33333333333334,3,1,0,5691829.0
M0020,2024-01,5691829,113,112,50370.16814159292,7356026.0,-22.62,0.89,가맹점_20,뷰티,대구,급성장,609822.0,32846,18.57,정상,1,2024,7356026.0,6546194.0,7190070.0,6531349.666666667,136.66666666666666,3,1,0,6643103.0
M0020,2024-02,6643103,141,139,47114.205673758865,5691829.0,16.71,1.44,가맹점_20,뷰티,대구,급성장,573512.0,27434,20.91,정상,2,2024,5691829.0,7356026.0,6546194.0,6563652.666666667,137.66666666666666,3,1,0,6611239.0
M0020,2024-03,6611239,138,137,47907.52898550725,6643103.0,-0.48,0.73,가맹점_20,뷰티,대구,급성장,579087.0,19161,30.22,정상,3,2024,6643103.0,5691829.0,7356026.0,6315390.333333333,130.66666666666666,3,1,0,7086969.0
M0020,2024-04,7086969,147,145,48210.67346938775,6611239.0,7.2,1.38,가맹점_20,뷰티,대구,급성장,586512.0,18357,31.95,정상,4,2024,6611239.0,6643103.0,5691829.0,6780437.0,142.0,3,1,0,7782723.0
M0020,2024-05,7782723,160,157,48642.01875,7086969.0,9.82,1.91,가맹점_20,뷰티,대구,급성장,594853.0,27238,21.84,정상,5,2024,7086969.0,6611239.0,6643103.0,7160310.333333333,148.33333333333334,3,1,0,9889350.0
M0020,2024-06,9889350,189,187,52324.60317460317,7782723.0,27.07,1.07,가맹점_20,뷰티,대구,급성장,634614.0,21903,28.97,정상,6,2024,7782723.0,7086969.0,6611239.0,8253014.0,165.33333333333334,3,1,0,9869407.0
M0020,2024-07,9869407,183,178,53931.18579234973,9889350.0,-0.2,2.81,가맹점_20,뷰티,대구,급성장,665360.0,12534,53.08,정상,7,2024,9889350.0,7782723.0,7086969.0,9180493.333333334,177.33333333333334,3,1,0,8852891.0
M0020,2024-08,8852891,170,168,52075.82941176471,9869407.0,-10.3,1.19,가맹점_20,뷰티,대구,급성장,632346.0,8065,78.41,정상,8,2024,9869407.0,9889350.0,7782723.0,9537216.0,180.66666666666666,3,1,0,9284352.0
M0020,2024-09,9284352,176,172,52752.0,8852891.0,4.87,2.33,가맹점_20,뷰티,대구,급성장,647773.0,16709,38.77,정상,9,2024,8852891.0,9869407.0,9889350.0,9335550.0,176.33333333333334,3,1,0,24223836.0
M0020,2024-10,24223836,187,184,129539.22994652406,9284352.0,160.91,1.63,가맹점_20,뷰티,대구,급성장,1579809.0,30103,52.48,revenue_spike,10,2024,9284352.0,8852891.0,9869407.0,14120359.666666666,177.66666666666666,3,1,0,10338456.0
M0020,2024-11,10338456,198,192,52214.42424242424,24223836.0,-57.32,3.12,가맹점_20,뷰티,대구,급성장,646122.0,16227,39.82,정상,11,2024,24223836.0,9284352.0,8852891.0,14615548.0,187.0,3,1,0,9857700.0
M0020,2024-12,9857700,187,184,52714.97326203209,10338456.0,-4.65,1.63,가맹점_20,뷰티,대구,급성장,642891.0,32173,19.98,정상,12,2024,10338456.0,24223836.0,9284352.0,14806664.0,190.66666666666666,3,1,0,7570439.0
M0020,2025-01,7570439,131,129,57789.6106870229,9857700.0,-23.2,1.55,가맹점_20,뷰티,대구,급성장,704224.0,16329,43.13,정상,1,2025,9857700.0,10338456.0,24223836.0,9255531.666666666,172.0,3,1,0,6982690.0
M0020,2025-02,6982690,128,125,54552.265625,7570439.0,-7.76,2.4,가맹점_20,뷰티,대구,급성장,670338.0,34942,19.18,정상,2,2025,7570439.0,9857700.0,10338456.0,8136943.0,148.66666666666666,3,1,0,9634998.0
M0020,2025-03,9634998,180,178,53527.76666666667,6982690.0,37.98,1.12,가맹점_20,뷰티,대구,급성장,649527.0,23140,28.07,정상,3,2025,6982690.0,7570439.0,9857700.0,8062709.0,146.33333333333334,3,1,0,9037977.0
M0020,2025-04,9037977,163,161,55447.711656441716,9634998.0,-6.2,1.24,가맹점_20,뷰티,대구,급성장,673623.0,31494,21.39,정상,4,2025,9634998.0,6982690.0,7570439.0,8551888.333333334,157.0,3,1,0,10148731.0
M0020,2025-05,10148731,181,180,56070.33701657459,9037977.0,12.29,0.56,가맹점_20,뷰티,대구,급성장,676612.0,31983,21.16,정상,5,2025,9037977.0,9634998.0,6982690.0,9607235.333333334,174.66666666666666,3,1,0,13540776.0
M0020,2025-06,13540776,241,235,56185.79253112033,10148731.0,33.42,2.55,가맹점_20,뷰티,대구,급성장,691422.0,21658,31.92,정상,6,2025,10148731.0,9037977.0,9634998.0,10909161.333333334,195.0,3,1,0,10884801.0
M0020,2025-07,10884801,202,195,53885.153465346535,13540776.0,-19.61,3.59,가맹점_20,뷰티,대구,급성장,669836.0,23257,28.8,정상,7,2025,13540776.0,10148731.0,9037977.0,11524769.333333334,208.0,3,1,0,12612915.0
M0020,2025-08,12612915,205,203,61526.41463414634,10884801.0,15.88,0.99,가맹점_20,뷰티,대구,급성장,745626.0,18540,40.22,정상,8,2025,10884801.0,13540776.0,10148731.0,12346164.0,216.0,3,1,0,12326575.0
M0020,2025-09,12326575,214,210,57600.81775700935,12612915.0,-2.27,1.9,가맹점_20,뷰티,대구,급성장,704343.0,33319,21.14,정상,9,2025,12612915.0,10884801.0,13540776.0,11941430.333333334,207.0,3,1,0,12991893.0
M0020,2025-10,12991893,222,219,58522.04054054054,12326575.0,5.4,1.37,가맹점_20,뷰티,대구,급성장,711886.0,9725,73.2,정상,10,2025,12326575.0,12612915.0,10884801.0,12643794.333333334,213.66666666666666,3,1,0,14358129.0
M0020,2025-11,14358129,248,244,57895.6814516129,12991893.0,10.52,1.64,가맹점_20,뷰티,대구,급성장,706142.0,22513,31.37,정상,11,2025,12991893.0,12326575.0,12612915.0,13225532.333333334,228.0,3,1,0,15039069.0
M0020,2025-12,15039069,253,246,59442.960474308304,14358129.0,4.74,2.85,가맹점_20,뷰티,대구,급성장,733645.0,27736,26.45,정상,12,2025,14358129.0,12991893.0,12326575.0,14129697.0,241.0,3,1,0,
M0021,2023-01,1410312,58,58,24315.724137931036,,,0.0,가맹점_21,피트니스,대구,안정,291789.0,23820,12.25,정상,1,2023,,,,1410312.0,58.0,7,1,1,1140330.0
M0021,2023-02,1140330,50,50,22806.6,1410312.0,-19.14,0.0,가맹점_21,피트니스,대구,안정,273679.0,29890,9.16,정상,2,2023,1410312.0,,,1275321.0,54.0,7,1,1,1182284.0
M0021,2023-03,1182284,53,53,22307.245283018867,1140330.0,3.68,0.0,가맹점_21,피트니스,대구,안정,267687.0,28508,9.39,정상,3,2023,1140330.0,1410312.0,,1244308.6666666667,53.666666666666664,7,1,1,1343039.0
M0021,2023-04,1343039,56,56,23982.839285714286,1182284.0,13.6,0.0,가맹점_21,피트니스,대구,안정,287794.0,23499,12.25,정상,4,2023,1182284.0,1140330.0,1410312.0,1221884.3333333333,53.0,7,1,1,1000704.0
M0021,2023-05,1000704,50,50,20014.08,1343039.0,-25.49,0.0,가맹점_21,피트니스,대구,안정,240169.0,12801,18.76,정상,5,2023,1343039.0,1182284.0,1140330.0,1175342.3333333333,53.0,7,1,1,1552516.0
M0021,2023-06,1552516,70,70,22178.8,1000704.0,55.14,0.0,가맹점_21,피트니스,대구,안정,266146.0,31561,8.43,정상,6,2023,1000704.0,1343039.0,1182284.0,1298753.0,58.666666666666664,7,1,1,1593773.0
M0021,2023-07,1593773,71,70,22447.50704225352,1552516.0,2.66,1.43,가맹점_21,피트니스,대구,안정,273222.0,32294,8.46,정상,7,2023,1552516.0,1000704.0,1343039.0,1382331.0,63.666666666666664,7,1,1,1684598.0
M0021,2023-08,1684598,75,74,22461.306666666667,1593773.0,5.7,1.35,가맹점_21,피트니스,대구,안정,273174.0,18118,15.08,정상,8,2023,1593773.0,1552516.0,1000704.0,1610295.6666666667,72.0,7,1,1,1329680.0
M0021,2023-09,1329680,66,64,20146.666666666668,1684598.0,-21.07,3.12,가맹점_21,피트니스,대구,안정,249303.0,9097,27.4,정상,9,2023,1684598.0,1593773.0,1552516.0,1536017.0,70.66666666666667,7,1,1,1143884.0
M0021,2023-10,1143884,49,49,23344.571428571428,1329680.0,-13.97,0.0,가맹점_21,피트니스,대구,안정,280135.0,26712,10.49,정상,10,2023,1329680.0,1684598.0,1593773.0,1386054.0,63.333333333333336,7,1,1,1275078.0
M0021,2023-11,1275078,53,53,24058.075471698114,1143884.0,11.47,0.0,가맹점_21,피트니스,대구,안정,288697.0,18877,15.29,정상,11,2023,1143884.0,1329680.0,1684598.0,1249547.3333333333,56.0,7,1,1,1252379.0
M0021,2023-12,1252379,56,55,22363.910714285714,1275078.0,-1.78,1.82,가맹점_21,피트니스,대구,안정,273251.0,33410,8.18,정상,12,2023,1275078.0,1143884.0,1329680.0,1223780.3333333333,52.666666666666664,7,1,1,999878.0
M0021,2024-01,999878,45,45,22219.51111111111,1252379.0,-20.16,0.0,가맹점_21,피트니스,대구,안정,266634.0,29371,9.08,정상,1,2024,1252379.0,1275078.0,1143884.0,1175778.3333333333,51.333333333333336,7,1,1,1139601.0
M0021,2024-02,1139601,54,54,21103.722222222223,999878.0,13.97,0.0,가맹점_21,피트니스,대구,안정,253245.0,22864,11.08,정상,2,2024,999878.0,1252379.0,1275078.0,1130619.3333333333,51.666666666666664,7,1,1,1483294.0
M0021,2024-03,1483294,65,64,22819.907692307694,1139601.0,30.16,1.56,가맹점_21,피트니스,대구,안정,278111.0,10012,27.78,정상,3,2024,1139601.0,999878.0,1252379.0,1207591.0,54.666666666666664,7,1,1,2490402.0
M0021,2024-04,2490402,54,54,46118.555555555555,1483294.0,67.9,0.0,가맹점_21,피트니스,대구,안정,553423.0,19216,28.8,aov_spike,4,2024,1483294.0,1139601.0,999878.0,1704432.3333333333,57.666666666666664,7,1,1,1068877.0
M0021,2024-05,1068877,47,46,22742.063829787236,2490402.0,-57.08,2.17,가맹점_21,피트니스,대구,안정,278827.0,9010,30.95,정상,5,2024,2490402.0,1483294.0,1139601.0,1680857.6666666667,55.333333333333336,7,1,1,1084553.0
M0021,2024-06,1084553,51,51,21265.745098039217,1068877.0,1.47,0.0,가맹점_21,피트니스,대구,안정,255189.0,20123,12.68,정상,6,2024,1068877.0,2490402.0,1483294.0,1547944.0,50.666666666666664,7,1,1,1409976.0
M0021,2024-07,1409976,64,64,22030.875,1084553.0,30.01,0.0,가맹점_21,피트니스,대구,안정,264370.0,23378,11.31,정상,7,2024,1084553.0,1068877.0,2490402.0,1187802.0,54.0,7,1,1,1331667.0
M0021,2024-08,1331667,61,61,21830.60655737705,1409976.0,-5.55,0.0,가맹점_21,피트니스,대구,안정,261967.0,14053,18.64,정상,8,2024,1409976.0,1084553.0,1068877.0,1275398.6666666667,58.666666666666664,7,1,1,1463620.0
M0021,2024-09,1463620,65,65,22517.23076923077,1331667.0,9.91,0.0,가맹점_21,피트니스,대구,안정,270207.0,23088,11.7,정상,9,2024,1331667.0,1409976.0,1084553.0,1401754.3333333333,63.333333333333336,7,1,1,1258252.0
M0021,2024-10,1258252,63,62,19972.25396825397,1463620.0,-14.03,1.61,가맹점_21,피트니스,대구,안정,243526.0,28164,8.65,정상,10,2024,1463620.0,1331667.0,1409976.0,1351179.6666666667,63.0,7,1,1,1079829.0
M0021,2024-11,1079829,48,48,22496.4375,1258252.0,-14.18,0.0,가맹점_21,피트니스,대구,안정,269957.0,34455,7.84,정상,11,2024,1258252.0,1463620.0,1331667.0,1267233.6666666667,58.666666666666664,7,1,1,1191967.0
M0021,2024-12,1191967,50,50,23839.34,1079829.0,10.38,0.0,가맹점_21,피트니스,대구,안정,286072.0,31714,9.02,정상,12,2024,1079829.0,1258252.0,1463620.0,1176682.6666666667,53.666666666666664,7,1,1,940474.0
M0021,2025-01,940474,48,48,19593.208333333332,1191967.0,-21.1,0.0,가맹점_21,피트니스,대구,안정,235118.0,9309,25.26,정상,1,2025,1191967.0,1079829.0,1258252.0,1070756.6666666667,48.666666666666664,7,1,1,1066311.0
M0021,2025-02,1066311,41,41,26007.585365853658,940474.0,13.38,0.0,가맹점_21,피트니스,대구,안정,312091.0,11464,27.22,정상,2,2025,940474.0,1191967.0,1079829.0,1066250.6666666667,46.333333333333336,7,1,1,1406459.0
M0021,2025-03,1406459,60,60,23440.983333333334,1066311.0,31.9,0.0,가맹점_21,피트니스,대구,안정,281292.0,9430,29.83,정상,3,2025,1066311.0,940474.0,1191967.0,1137748.0,49.666666666666664,7,1,1,1170085.0
M0021,2025-04,1170085,47,47,24895.425531914894,1406459.0,-16.81,0.0,가맹점_21,피트니스,대구,안정,298745.0,27547,10.84,정상,4,2025,1406459.0,1066311.0,940474.0,1214285.0,49.333333333333336,7,1,1,1129405.0
M0021,2025-05,1129405,50,50,22588.1,1170085.0,-3.48,0.0,가맹점_21,피트니스,대구,안정,271057.0,18697,14.5,정상,5,2025,1170085.0,1406459.0,1066311.0,1235316.3333333333,52.333333333333336,7,1,1,1205954.0
M0021,2025-06,1205954,57,56,21157.087719298244,1129405.0,6.78,1.79,가맹점_21,피트니스,대구,안정,258430.0,34271,7.54,정상,6,2025,1129405.0,1170085.0,1406459.0,1168481.3333333333,51.333333333333336,7,1,1,1179504.0
M0021,2025-07,1179504,52,52,22682.76923076923,1205954.0,-2.19,0.0,가맹점_21,피트니스,대구,안정,272193.0,17531,15.53,정상,7,2025,1205954.0,1129405.0,1170085.0,1171621.0,53.0,7,1,1,1645001.0
M0021,2025-08,1645001,67,67,24552.253731343284,1179504.0,39.47,0.0,가맹점_21,피트니스,대구,안정,294627.0,21826,13.5,정상,8,2025,1179504.0,1205954.0,1129405.0,1343486.3333333333,58.666666666666664,7,1,1,1319302.0
M0021,2025-09,1319302,58,58,22746.58620689655,1645001.0,-19.8,0.0,가맹점_21,피트니스,대구,안정,272959.0,8840,30.88,정상,9,2025,1645001.0,1179504.0,1205954.0,1381269.0,59.0,7,1,1,1257934.0
M0021,2025-10,1257934,56,56,22463.10714285714,1319302.0,-4.65,0.0,가맹점_21,피트니스,대구,안정,269557.0,8681,31.05,정상,10,2025,1319302.0,1645001.0,1179504.0,1407412.3333333333,60.333333333333336,7,1,1,1268095.0
M0021,2025-11,1268095,61,61,20788.44262295082,1257934.0,0.81,0.0,가맹점_21,피트니스,대구,안정,249461.0,25337,9.85,정상,11,2025,1257934.0,1319302.0,1645001.0,1281777.0,58.333333333333336,7,1,1,1335607.0
M0021,2025-12,1335607,63,63,21200.11111111111,1268095.0,5.32,0.0,가맹점_21,피트니스,대구,안정,254401.0,26567,9.58,정상,12,2025,1268095.0,1257934.0,1319302.0,1287212.0,60.0,7,1,1,
M0022,2023-01,1819604,82,82,22190.29268292683,,,0.0,가맹점_22,의류,서울,급성장,266284.0,8032,33.15,정상,1,2023,,,,1819604.0,82.0,5,3,0,1956223.0
M0022,2023-02,1956223,92,90,21263.293478260868,1819604.0,7.51,2.22,가맹점_22,의류,서울,급성장,260824.0,25799,10.11,정상,2,2023,1819604.0,,,1887913.5,87.0,5,3,0,2108598.0
M0022,2023-03,2108598,103,103,20471.825242718445,1956223.0,7.79,0.0,가맹점_22,의류,서울,급성장,245662.0,10099,24.33,정상,3,2023,1956223.0,1819604.0,,1961475.0,92.33333333333333,5,3,0,2262646.0
M0022,2023-04,2262646,106,106,21345.716981132075,2108598.0,7.31,0.0,가맹점_22,의류,서울,급성장,256149.0,20374,12.57,정상,4,2023,2108598.0,1956223.0,1819604.0,2109155.6666666665,100.33333333333333,5,3,0,1819033.0
M0022,2023-05,1819033,92,92,19772.097826086956,2262646.0,-19.61,0.0,가맹점_22,의류,서울,급성장,237265.0,30455,7.79,정상,5,2023,2262646.0,2108598.0,1956223.0,2063425.6666666667,100.33333333333333,5,3,0,2233512.0
M0022,2023-06,2233512,105,104,21271.542857142857,1819033.0,22.79,0.96,가맹점_22,의류,서울,급성장,257709.0,20130,12.8,정상,6,2023,1819033.0,2262646.0,2108598.0,2105063.6666666665,101.0,5,3,0,2361081.0
M0022,2023-07,2361081,111,109,21271.0,2233512.0,5.71,1.83,가맹점_22,의류,서울,급성장,259923.0,33476,7.76,정상,7,2023,2233512.0,1819033.0,2262646.0,2137875.3333333335,102.66666666666667,5,3,0,2179686.0
M0022,2023-08,2179686,95,94,22944.063157894736,2361081.0,-7.68,1.06,가맹점_22,의류,서울,급성장,278247.0,21604,12.88,정상,8,2023,2361081.0,2233512.0,1819033.0,2258093.0,103.66666666666667,5,3,0,3573616.0
M0022,2023-09,3573616,149,149,23984.0,2179686.0,63.95,0.0,가맹점_22,의류,서울,급성장,287808.0,20181,14.26,정상,9,2023,2179686.0,2361081.0,2233512.0,2704794.3333333335,118.33333333333333,5,3,0,2782430.0
M0022,2023-10,2782430,114,114,24407.280701754386,3573616.0,-22.14,0.0,가맹점_22,의류,서울,급성장,292887.0,33441,8.76,정상,10,2023,3573616.0,2179686.0,2361081.0,2845244.0,119.33333333333333,5,3,0,7674662.0
M0022,2023-11,7674662,135,133,56849.34814814815,2782430.0,175.83,1.5,가맹점_22,의류,서울,급성장,692425.0,34573,20.03,revenue_spike,11,2023,2782430.0,3573616.0,2179686.0,4676902.666666667,132.66666666666666,5,3,0,3237223.0
M0022,2023-12,3237223,132,129,24524.416666666668,7674662.0,-57.82,2.33,가맹점_22,의류,서울,급성장,301150.0,15868,18.98,정상,12,2023,7674662.0,2782430.0,3573616.0,4564771.666666667,127.0,5,3,0,2158165.0
M0022,2024-01,2158165,95,93,22717.526315789473,3237223.0,-33.33,2.15,가맹점_22,의류,서울,급성장,278471.0,27930,9.97,정상,1,2024,3237223.0,7674662.0,2782430.0,4356683.333333333,120.66666666666667,5,3,0,2783422.0
M0022,2024-02,2783422,117,116,23789.931623931625,2158165.0,28.97,0.86,가맹점_22,의류,서울,급성장,287934.0,33755,8.53,정상,2,2024,2158165.0,3237223.0,7674662.0,2726270.0,114.66666666666667,5,3,0,3023026.0
M0022,2024-03,3023026,127,127,23803.354330708662,2783422.0,8.61,0.0,가맹점_22,의류,서울,급성장,285640.0,34240,8.34,정상,3,2024,2783422.0,2158165.0,3237223.0,2654871.0,113.0,5,3,0,2928951.0
M0022,2024-04,2928951,120,119,24407.925,3023026.0,-3.11,0.84,가맹점_22,의류,서울,급성장,295355.0,17937,16.47,정상,4,2024,3023026.0,2783422.0,2158165.0,2911799.6666666665,121.33333333333333,5,3,0,2622609.0
M0022,2024-05,2622609,111,111,23627.108108108107,2928951.0,-10.46,0.0,가맹점_22,의류,서울,급성장,283525.0,18767,15.11,정상,5,2024,2928951.0,3023026.0,2783422.0,2858195.3333333335,119.33333333333333,5,3,0,2767823.0
M0022,2024-06,2767823,118,118,23456.127118644068,2622609.0,5.54,0.0,가맹점_22,의류,서울,급성장,281474.0,32236,8.73,정상,6,2024,2622609.0,2928951.0,3023026.0,2773127.6666666665,116.33333333333333,5,3,0,2781771.0
M0022,2024-07,2781771,115,112,24189.31304347826,2767823.0,0.5,2.68,가맹점_22,의류,서울,급성장,298051.0,30696,9.71,high_cancel,7,2024,2767823.0,2622609.0,2928951.0,2724067.6666666665,114.66666666666667,5,3,0,4041379.0
M0022,2024-08,4041379,166,164,24345.656626506025,2781771.0,45.28,1.22,가맹점_22,의류,서울,급성장,295712.0,26401,11.2,정상,8,2024,2781771.0,2767823.0,2622609.0,3196991.0,133.0,5,3,0,10167484.0
M0022,2024-09,10167484,154,151,66022.62337662338,4041379.0,151.58,1.99,가맹점_22,의류,서울,급성장,808038.0,12040,67.11,revenue_spike,9,2024,4041379.0,2781771.0,2767823.0,5663544.666666667,145.0,5,3,0,3736488.0
M0022,2024-10,3736488,150,148,24909.92,10167484.0,-63.25,1.35,가맹점_22,의류,서울,급성장,302954.0,22672,13.36,정상,10,2024,10167484.0,4041379.0,2781771.0,5981783.666666667,156.66666666666666,5,3,0,3714468.0
M0022,2024-11,3714468,151,149,24599.12582781457,3736488.0,-0.59,1.34,가맹점_22,의류,서울,급성장,299145.0,34475,8.68,정상,11,2024,3736488.0,10167484.0,4041379.0,5872813.333333333,151.66666666666666,5,3,0,4569049.0
M0022,2024-12,4569049,177,172,25813.83615819209,3714468.0,23.01,2.33,가맹점_22,의류,서울,급성장,316984.0,13080,24.23,정상,12,2024,3714468.0,3736488.0,10167484.0,4006668.3333333335,159.33333333333334,5,3,0,3844589.0
M0022,2025-01,3844589,154,151,24964.863636363636,4569049.0,-15.86,1.99,가맹점_22,의류,서울,급성장,305540.0,32136,9.51,정상,1,2025,4569049.0,3714468.0,3736488.0,4042702.0,160.66666666666666,5,3,0,4209602.0
M0022,2025-02,4209602,151,149,27878.158940397352,3844589.0,9.49,1.34,가맹점_22,의류,서울,급성장,339021.0,8118,41.76,정상,2,2025,3844589.0,4569049.0,3714468.0,4207746.666666667,160.66666666666666,5,3,0,4426333.0
M0022,2025-03,4426333,168,166,26347.220238095237,4209602.0,5.15,1.2,가맹점_22,의류,서울,급성장,319961.0,26123,12.25,정상,3,2025,4209602.0,3844589.0,4569049.0,4160174.6666666665,157.66666666666666,5,3,0,4308854.0
M0022,2025-04,4308854,165,164,26114.266666666666,4426333.0,-2.65,0.61,가맹점_22,의류,서울,급성장,315283.0,13107,24.05,정상,4,2025,4426333.0,4209602.0,3844589.0,4314929.666666667,161.33333333333334,5,3,0,3942087.0
M0022,2025-05,3942087,151,149,26106.53642384106,4308854.0,-8.51,1.34,가맹점_22,의류,서울,급성장,317476.0,22906,13.86,정상,5,2025,4308854.0,4426333.0,4209602.0,4225758.0,161.33333333333334,5,3,0,4873633.0
M0022,2025-06,4873633,184,179,26487.135869565216,3942087.0,23.63,2.79,가맹점_22,의류,서울,급성장,326714.0,11046,29.58,정상,6,2025,3942087.0,4308854.0,4426333.0,4374858.0,166.66666666666666,5,3,0,4908544.0
M0022,2025-07,4908544,179,175,27422.03351955307,4873633.0,0.72,2.29,가맹점_22,의류,서울,급성장,336600.0,21810,15.43,정상,7,2025,4873633.0,3942087.0,4308854.0,4574754.666666667,171.33333333333334,5,3,0,5234548.0
M0022,2025-08,5234548,192,189,27263.270833333332,4908544.0,6.64,1.59,가맹점_22,의류,서울,급성장,332361.0,32941,10.09,정상,8,2025,4908544.0,4873633.0,3942087.0,5005575.0,185.0,5,3,0,5203857.0
M0022,2025-09,5203857,189,183,27533.634920634922,5234548.0,-0.59,3.28,가맹점_22,의류,서울,급성장,341241.0,22341,15.27,정상,9,2025,5234548.0,4908544.0,4873633.0,5115649.666666667,186.66666666666666,5,3,0,5455384.0
M0022,2025-10,5455384,190,186,28712.547368421052,5203857.0,4.83,2.15,가맹점_22,의류,서울,급성장,351958.0,31482,11.18,정상,10,2025,5203857.0,5234548.0,4908544.0,5297929.666666667,190.33333333333334,5,3,0,5584907.0
M0022,2025-11,5584907,197,194,28349.781725888326,5455384.0,2.37,1.55,가맹점_22,의류,서울,급성장,345470.0,31258,11.05,정상,11,2025,5455384.0,5203857.0,5234548.0,5414716.0,192.0,5,3,0,5709174.0
M0022,2025-12,5709174,205,201,27849.629268292683,5584907.0,2.23,1.99,가맹점_22,의류,서울,급성장,340846.0,14230,23.95,정상,12,2025,5584907.0,5455384.0,5203857.0,5583155.0,197.33333333333334,5,3,0,
M0023,2023-01,2269837,70,70,32426.242857142857,,,0.0,가맹점_23,카페,경기,정체,389115.0,31720,12.27,정상,1,2023,,,,2269837.0,70.0,6,0,2,2445186.0
M0023,2023-02,2445186,76,76,32173.5,2269837.0,7.73,0.0,가맹점_23,카페,경기,정체,386082.0,14176,27.23,정상,2,2023,2269837.0,,,2357511.5,73.0,6,0,2,2377051.0
M0023,2023-03,2377051,77,76,30870.79220779221,2445186.0,-2.79,1.32,가맹점_23,카페,경기,정체,375339.0,17704,21.2,정상,3,2023,2445186.0,2269837.0,,2364024.6666666665,74.33333333333333,6,0,2,2701411.0
M0023,2023-04,2701411,79,78,34195.07594936709,2377051.0,13.65,1.28,가맹점_23,카페,경기,정체,415593.0,23626,17.59,정상,4,2023,2377051.0,2445186.0,2269837.0,2507882.6666666665,77.33333333333333,6,0,2,2529230.0
M0023,2023-05,2529230,83,83,30472.650602409638,2701411.0,-6.37,0.0,가맹점_23,카페,경기,정체,365672.0,31449,11.63,정상,5,2023,2701411.0,2377051.0,2445186.0,2535897.3333333335,79.66666666666667,6,0,2,3007447.0
M0023,2023-06,3007447,97,96,31004.60824742268,2529230.0,18.91,1.04,가맹점_23,카페,경기,정체,375925.0,31247,12.03,정상,6,2023,2529230.0,2701411.0,2377051.0,2746029.3333333335,86.33333333333333,6,0,2,2844259.0
M0023,2023-07,2844259,82,82,34686.08536585366,3007447.0,-5.43,0.0,가맹점_23,카페,경기,정체,416233.0,27750,15.0,정상,7,2023,3007447.0,2529230.0,2701411.0,2793645.3333333335,87.33333333333333,6,0,2,2657346.0
M0023,2023-08,2657346,88,86,30197.113636363636,2844259.0,-6.57,2.33,가맹점_23,카페,경기,정체,370808.0,10776,34.41,정상,8,2023,2844259.0,3007447.0,2529230.0,2836350.6666666665,89.0,6,0,2,2391936.0
M0023,2023-09,2391936,84,83,28475.428571428572,2657346.0,-9.99,1.2,가맹점_23,카페,경기,정체,345806.0,10994,31.45,정상,9,2023,2657346.0,2844259.0,3007447.0,2631180.3333333335,84.66666666666667,6,0,2,2547695.0
M0023,2023-10,2547695,84,84,30329.70238095238,2391936.0,6.51,0.0,가맹점_23,카페,경기,정체,363956.0,27829,13.08,정상,10,2023,2391936.0,2657346.0,2844259.0,2532325.6666666665,85.33333333333333,6,0,2,2651166.0
M0023,2023-11,2651166,91,91,29133.69230769231,2547695.0,4.06,0.0,가맹점_23,카페,경기,정체,349604.0,14307,24.44,정상,11,2023,2547695.0,2391936.0,2657346.0,2530265.6666666665,86.33333333333333,6,0,2,2696268.0
M0023,2023-12,2696268,83,82,32485.156626506025,2651166.0,1.7,1.22,가맹점_23,카페,경기,정체,394578.0,23878,16.52,정상,12,2023,2651166.0,2547695.0,2391936.0,2631709.6666666665,86.0,6,0,2,4466601.0
M0023,2024-01,4466601,74,74,60359.47297297297,2696268.0,65.66,0.0,가맹점_23,카페,경기,정체,724314.0,13888,52.15,aov_spike,1,2024,2696268.0,2651166.0,2547695.0,3271345.0,82.66666666666667,6,0,2,1997530.0
M0023,2024-02,1997530,63,62,31706.825396825396,4466601.0,-55.28,1.61,가맹점_23,카페,경기,정체,386608.0,30687,12.6,정상,2,2024,4466601.0,2696268.0,2651166.0,3053466.3333333335,73.33333333333333,6,0,2,2391487.0
M0023,2024-03,2391487,73,71,32760.095890410958,1997530.0,19.72,2.82,가맹점_23,카페,경기,정체,404207.0,31383,12.88,정상,3,2024,1997530.0,4466601.0,2696268.0,2951872.6666666665,70.0,6,0,2,2324776.0
M0023,2024-04,2324776,74,73,31415.891891891893,2391487.0,-2.79,1.37,가맹점_23,카페,경기,정체,382155.0,26153,14.61,정상,4,2024,2391487.0,1997530.0,4466601.0,2237931.0,70.0,6,0,2,2950101.0
M0023,2024-05,2950101,92,90,32066.315217391304,2324776.0,26.9,2.22,가맹점_23,카페,경기,정체,393338.0,17489,22.49,정상,5,2024,2324776.0,2391487.0,1997530.0,2555454.6666666665,79.66666666666667,6,0,2,2788090.0
M0023,2024-06,2788090,93,93,29979.462365591397,2950101.0,-5.49,0.0,가맹점_23,카페,경기,정체,359754.0,13298,27.05,정상,6,2024,2950101.0,2324776.0,2391487.0,2687655.6666666665,86.33333333333333,6,0,2,3052360.0
M0023,2024-07,3052360,89,89,34296.1797752809,2788090.0,9.48,0.0,가맹점_23,카페,경기,정체,411554.0,19524,21.08,정상,7,2024,2788090.0,2950101.0,2324776.0,2930183.6666666665,91.33333333333333,6,0,2,3299641.0
M0023,2024-08,3299641,99,98,33329.707070707074,3052360.0,8.1,1.02,가맹점_23,카페,경기,정체,404036.0,14311,28.23,정상,8,2024,3052360.0,2788090.0,2950101.0,3046697.0,93.66666666666667,6,0,2,2437754.0
M0023,2024-09,2437754,81,78,30095.728395061727,3299641.0,-26.12,3.85,가맹점_23,카페,경기,정체,375053.0,24355,15.4,정상,9,2024,3299641.0,3052360.0,2788090.0,2929918.3333333335,89.66666666666667,6,0,2,2854449.0
M0023,2024-10,2854449,95,93,30046.831578947367,2437754.0,17.09,2.15,가맹점_23,카페,경기,정체,368314.0,29069,12.67,정상,10,2024,2437754.0,3299641.0,3052360.0,2863948.0,91.66666666666667,6,0,2,3001745.0
M0023,2024-11,3001745,97,94,30945.82474226804,2854449.0,5.16,3.19,가맹점_23,카페,경기,정체,383196.0,24414,15.7,정상,11,2024,2854449.0,2437754.0,3299641.0,2764649.3333333335,91.0,6,0,2,2933201.0
M0023,2024-12,2933201,97,97,30239.18556701031,3001745.0,-2.28,0.0,가맹점_23,카페,경기,정체,362870.0,16596,21.86,정상,12,2024,3001745.0,2854449.0,2437754.0,2929798.3333333335,96.33333333333333,6,0,2,2230200.0
M0023,2025-01,2230200,74,72,30137.837837837837,2933201.0,-23.97,2.78,가맹점_23,카페,경기,정체,371708.0,9316,39.9,정상,1,2025,2933201.0,3001745.0,2854449.0,2721715.3333333335,89.33333333333333,6,0,2,1460716.0
M0023,2025-02,1460716,50,50,29214.32,2230200.0,-34.5,0.0,가맹점_23,카페,경기,정체,350572.0,32272,10.86,정상,2,2025,2230200.0,2933201.0,3001745.0,2208039.0,73.66666666666667,6,0,2,2723206.0
M0023,2025-03,2723206,91,91,29925.340659340658,1460716.0,86.43,0.0,가맹점_23,카페,경기,정체,359104.0,14457,24.84,정상,3,2025,1460716.0,2230200.0,2933201.0,2138040.6666666665,71.66666666666667,6,0,2,2646388.0
M0023,2025-04,2646388,83,83,31884.192771084337,2723206.0,-2.82,0.0,가맹점_23,카페,경기,정체,382610.0,34592,11.06,정상,4,2025,2723206.0,1460716.0,2230200.0,2276770.0,74.66666666666667,6,0,2,2787235.0
M0023,2025-05,2787235,85,85,32791.0,2646388.0,5.32,0.0,가맹점_23,카페,경기,정체,393492.0,10619,37.06,정상,5,2025,2646388.0,2723206.0,1460716.0,2718943.0,86.33333333333333,6,0,2,2656760.0
M0023,2025-06,2656760,85,85,31256.0,2787235.0,-4.68,0.0,가맹점_23,카페,경기,정체,375072.0,12816,29.27,정상,6,2025,2787235.0,2646388.0,2723206.0,2696794.3333333335,84.33333333333333,6,0,2,2296156.0
M0023,2025-07,2296156,81,81,28347.604938271605,2656760.0,-13.57,0.0,가맹점_23,카페,경기,정체,340171.0,8268,41.14,정상,7,2025,2656760.0,2787235.0,2646388.0,2580050.3333333335,83.66666666666667,6,0,2,2732823.0
M0023,2025-08,2732823,85,85,32150.858823529412,2296156.0,19.02,0.0,가맹점_23,카페,경기,정체,385810.0,34408,11.21,정상,8,2025,2296156.0,2656760.0,2787235.0,2561913.0,83.66666666666667,6,0,2,2508930.0
M0023,2025-09,2508930,80,79,31361.625,2732823.0,-8.19,1.27,가맹점_23,카페,경기,정체,381119.0,27386,13.92,정상,9,2025,2732823.0,2296156.0,2656760.0,2512636.3333333335,82.0,6,0,2,2384346.0
M0023,2025-10,2384346,74,74,32220.891891891893,2508930.0,-4.97,0.0,가맹점_23,카페,경기,정체,386651.0,17821,21.7,정상,10,2025,2508930.0,2732823.0,2296156.0,2542033.0,79.66666666666667,6,0,2,2595829.0
M0023,2025-11,2595829,83,83,31275.048192771083,2384346.0,8.87,0.0,가맹점_23,카페,경기,정체,375301.0,9050,41.47,정상,11,2025,2384346.0,2508930.0,2732823.0,2496368.3333333335,79.0,6,0,2,2832755.0
M0023,2025-12,2832755,99,99,28613.68686868687,2595829.0,9.13,0.0,가맹점_23,카페,경기,정체,343364.0,33847,10.14,정상,12,2025,2595829.0,2384346.0,2508930.0,2604310.0,85.33333333333333,6,0,2,
M0024,2023-01,2479068,65,65,38139.50769230769,,,0.0,가맹점_24,배달,부산,정체,457674.0,32592,14.04,정상,1,2023,,,,2479068.0,65.0,2,2,2,2557613.0
M0024,2023-02,2557613,65,65,39347.89230769231,2479068.0,3.17,0.0,가맹점_24,배달,부산,정체,472175.0,34419,13.72,정상,2,2023,2479068.0,,,2518340.5,65.0,2,2,2,3960421.0
M0024,2023-03,3960421,96,94,41254.385416666664,2557613.0,54.85,2.13,가맹점_24,배달,부산,정체,505597.0,21159,23.9,정상,3,2023,2557613.0,2479068.0,,2999034.0,75.33333333333333,2,2,2,3387628.0
M0024,2023-04,3387628,78,78,43431.1282051282,3960421.0,-14.46,0.0,가맹점_24,배달,부산,정체,521174.0,30132,17.3,정상,4,2023,3960421.0,2557613.0,2479068.0,3301887.3333333335,79.66666666666667,2,2,2,2854487.0
M0024,2023-05,2854487,74,73,38574.14864864865,3387628.0,-15.74,1.37,가맹점_24,배달,부산,정체,469231.0,31770,14.77,정상,5,2023,3387628.0,3960421.0,2557613.0,3400845.3333333335,82.66666666666667,2,2,2,3670684.0
M0024,2023-06,3670684,87,86,42191.77011494253,2854487.0,28.59,1.16,가맹점_24,배달,부산,정체,512174.0,10109,50.67,정상,6,2023,2854487.0,3387628.0,3960421.0,3304266.3333333335,79.66666666666667,2,2,2,2948912.0
M0024,2023-07,2948912,76,76,38801.47368421053,3670684.0,-19.66,0.0,가맹점_24,배달,부산,정체,465618.0,27585,16.88,정상,7,2023,3670684.0,2854487.0,3387628.0,3158027.6666666665,79.0,2,2,2,2862538.0
M0024,2023-08,2862538,75,74,38167.17333333333,2948912.0,-2.93,1.35,가맹점_24,배달,부산,정체,464189.0,8853,52.43,정상,8,2023,2948912.0,3670684.0,2854487.0,3160711.3333333335,79.33333333333333,2,2,2,3010728.0
M0024,2023-09,3010728,78,78,38599.07692307692,2862538.0,5.18,0.0,가맹점_24,배달,부산,정체,463189.0,20369,22.74,정상,9,2023,2862538.0,2948912.0,3670684.0,2940726.0,76.33333333333333,2,2,2,3640230.0
M0024,2023-10,3640230,93,91,39142.25806451613,3010728.0,20.91,2.2,가맹점_24,배달,부산,정체,480041.0,15123,31.74,정상,10,2023,3010728.0,2862538.0,2948912.0,3171165.3333333335,82.0,2,2,2,3573889.0
M0024,2023-11,3573889,81,80,44122.08641975309,3640230.0,-1.82,1.25,가맹점_24,배달,부산,정체,536083.0,33387,16.06,정상,11,2023,3640230.0,3010728.0,2862538.0,3408282.3333333335,84.0,2,2,2,3133776.0
M0024,2023-12,3133776,87,86,36020.41379310345,3573889.0,-12.31,1.16,가맹점_24,배달,부산,정체,437259.0,32534,13.44,정상,12,2023,3573889.0,3640230.0,3010728.0,3449298.3333333335,87.0,2,2,2,2216203.0
M0024,2024-01,2216203,56,56,39575.05357142857,3133776.0,-29.28,0.0,가맹점_24,배달,부산,정체,474901.0,26392,17.99,정상,1,2024,3133776.0,3573889.0,3640230.0,2974622.6666666665,74.66666666666667,2,2,2,3315442.0
M0024,2024-02,3315442,78,78,42505.666666666664,2216203.0,49.6,0.0,가맹점_24,배달,부산,정체,510068.0,29638,17.21,정상,2,2024,2216203.0,3133776.0,3573889.0,2888473.6666666665,73.66666666666667,2,2,2,3846300.0
M0024,2024-03,3846300,95,91,40487.36842105263,3315442.0,16.01,4.4,가맹점_24,배달,부산,정체,507226.0,25936,19.56,정상,3,2024,3315442.0,2216203.0,3133776.0,3125981.6666666665,76.33333333333333,2,2,2,2709002.0
M0024,2024-04,2709002,69,69,39260.89855072464,3846300.0,-29.57,0.0,가맹점_24,배달,부산,정체,471131.0,31325,15.04,정상,4,2024,3846300.0,3315442.0,2216203.0,3290248.0,80.66666666666667,2,2,2,3773162.0
M0024,2024-05,3773162,93,92,40571.63440860215,2709002.0,39.28,1.09,가맹점_24,배달,부산,정체,492166.0,28034,17.56,정상,5,2024,2709002.0,3846300.0,3315442.0,3442821.3333333335,85.66666666666667,2,2,2,3487237.0
M0024,2024-06,3487237,85,85,41026.31764705882,3773162.0,-7.58,0.0,가맹점_24,배달,부산,정체,492316.0,33206,14.83,정상,6,2024,3773162.0,2709002.0,3846300.0,3323133.6666666665,82.33333333333333,2,2,2,2728110.0
M0024,2024-07,2728110,73,73,37371.3698630137,3487237.0,-21.77,0.0,가맹점_24,배달,부산,정체,448456.0,18995,23.61,정상,7,2024,3487237.0,3773162.0,2709002.0,3329503.0,83.66666666666667,2,2,2,3900229.0
M0024,2024-08,3900229,97,96,40208.54639175258,2728110.0,42.96,1.04,가맹점_24,배달,부산,정체,487521.0,22157,22.0,정상,8,2024,2728110.0,3487237.0,3773162.0,3371858.6666666665,85.0,2,2,2,3069863.0
M0024,2024-09,3069863,81,81,37899.543209876545,3900229.0,-21.29,0.0,가맹점_24,배달,부산,정체,454795.0,9488,47.93,정상,9,2024,3900229.0,2728110.0,3487237.0,3232734.0,83.66666666666667,2,2,2,3805542.0
M0024,2024-10,3805542,97,97,39232.39175257732,3069863.0,23.96,0.0,가맹점_24,배달,부산,정체,470789.0,11793,39.92,정상,10,2024,3069863.0,3900229.0,2728110.0,3591878.0,91.66666666666667,2,2,2,3166983.0
M0024,2024-11,3166983,85,84,37258.623529411765,3805542.0,-16.78,1.19,가맹점_24,배달,부산,정체,452424.0,16015,28.25,정상,11,2024,3805542.0,3069863.0,3900229.0,3347462.6666666665,87.66666666666667,2,2,2,2746558.0
M0024,2024-12,2746558,71,70,38683.91549295775,3166983.0,-13.28,1.43,가맹점_24,배달,부산,정체,470845.0,31426,14.98,정상,12,2024,3166983.0,3805542.0,3069863.0,3239694.3333333335,84.33333333333333,2,2,2,2615507.0
M0024,2025-01,2615507,66,65,39628.893939393936,2746558.0,-4.77,1.54,가맹점_24,배달,부산,정체,482870.0,29698,16.26,정상,1,2025,2746558.0,3166983.0,3805542.0,2843016.0,74.0,2,2,2,2156911.0
M0024,2025-02,2156911,62,61,34788.8870967742,2615507.0,-17.53,1.64,가맹점_24,배달,부산,정체,424313.0,22151,19.16,정상,2,2025,2615507.0,2746558.0,3166983.0,2506325.3333333335,66.33333333333333,2,2,2,2902676.0
M0024,2025-03,2902676,75,75,38702.346666666665,2156911.0,34.58,0.0,가맹점_24,배달,부산,정체,464428.0,34150,13.6,정상,3,2025,2156911.0,2615507.0,2746558.0,2558364.6666666665,67.66666666666667,2,2,2,3531955.0
M0024,2025-04,3531955,78,78,45281.47435897436,2902676.0,21.68,0.0,가맹점_24,배달,부산,정체,543378.0,22852,23.78,정상,4,2025,2902676.0,2156911.0,2615507.0,2863847.3333333335,71.66666666666667,2,2,2,3756970.0
M0024,2025-05,3756970,92,91,40836.63043478261,3531955.0,6.37,1.1,가맹점_24,배달,부산,정체,495430.0,17239,28.74,정상,5,2025,3531955.0,2902676.0,2156911.0,3397200.3333333335,81.66666666666667,2,2,2,3390684.0
M0024,2025-06,3390684,86,86,39426.558139534885,3756970.0,-9.75,0.0,가맹점_24,배달,부산,정체,473119.0,12583,37.6,정상,6,2025,3756970.0,3531955.0,2902676.0,3559869.6666666665,85.33333333333333,2,2,2,4065342.0
M0024,2025-07,4065342,92,92,44188.5,3390684.0,19.9,0.0,가맹점_24,배달,부산,정체,530262.0,20904,25.37,정상,7,2025,3390684.0,3756970.0,3531955.0,3737665.3333333335,90.0,2,2,2,3913669.0
M0024,2025-08,3913669,93,92,42082.4623655914,4065342.0,-3.73,1.09,가맹점_24,배달,부산,정체,510494.0,8029,63.58,정상,8,2025,4065342.0,3390684.0,3756970.0,3789898.3333333335,90.33333333333333,2,2,2,3026144.0
M0024,2025-09,3026144,77,77,39300.57142857143,3913669.0,-22.68,0.0,가맹점_24,배달,부산,정체,471607.0,18282,25.8,정상,9,2025,3913669.0,4065342.0,3390684.0,3668385.0,87.33333333333333,2,2,2,6090511.0
M0024,2025-10,6090511,74,73,82304.2027027027,3026144.0,101.26,1.37,가맹점_24,배달,부산,정체,1001181.0,17464,57.33,aov_spike,10,2025,3026144.0,3913669.0,4065342.0,4343441.333333333,81.33333333333333,2,2,2,3985588.0
M0024,2025-11,3985588,88,87,45290.77272727273,6090511.0,-34.56,1.15,가맹점_24,배달,부산,정체,549739.0,24940,22.04,정상,11,2025,6090511.0,3026144.0,3913669.0,4367414.333333333,79.66666666666667,2,2,2,2869175.0
M0024,2025-12,2869175,76,76,37752.30263157895,3985588.0,-28.01,0.0,가맹점_24,배달,부산,정체,453028.0,8306,54.54,정상,12,2025,3985588.0,6090511.0,3026144.0,4315091.333333333,79.33333333333333,2,2,2,
M0025,2023-01,1940667,97,96,20006.876288659794,,,1.04,가맹점_25,IT서비스,부산,정체,242579.0,12237,19.82,정상,1,2023,,,,1940667.0,97.0,0,2,2,1922087.0
M0025,2023-02,1922087,103,101,18661.038834951458,1940667.0,-0.96,1.98,가맹점_25,IT서비스,부산,정체,228366.0,32874,6.95,정상,2,2023,1940667.0,,,1931377.0,100.0,0,2,2,2122838.0
M0025,2023-03,2122838,111,111,19124.666666666668,1922087.0,10.44,0.0,가맹점_25,IT서비스,부산,정체,229496.0,24600,9.33,정상,3,2023,1922087.0,1940667.0,,1995197.3333333333,103.66666666666667,0,2,2,1849292.0
M0025,2023-04,1849292,97,97,19064.865979381444,2122838.0,-12.89,0.0,가맹점_25,IT서비스,부산,정체,228778.0,9955,22.98,정상,4,2023,2122838.0,1922087.0,1940667.0,1964739.0,103.66666666666667,0,2,2,2223022.0
M0025,2023-05,2223022,110,108,20209.29090909091,1849292.0,20.21,1.85,가맹점_25,IT서비스,부산,정체,246998.0,16691,14.8,정상,5,2023,1849292.0,2122838.0,1922087.0,2065050.6666666667,106.0,0,2,2,2180922.0
M0025,2023-06,2180922,108,108,20193.722222222223,2223022.0,-1.89,0.0,가맹점_25,IT서비스,부산,정체,242325.0,24346,9.95,정상,6,2023,2223022.0,1849292.0,2122838.0,2084412.0,105.0,0,2,2,2332635.0
M0025,2023-07,2332635,116,115,20108.922413793105,2180922.0,6.96,0.87,가맹점_25,IT서비스,부산,정체,243406.0,20706,11.76,정상,7,2023,2180922.0,2223022.0,1849292.0,2245526.3333333335,111.33333333333333,0,2,2,1904486.0
M0025,2023-08,1904486,101,101,18856.29702970297,2332635.0,-18.35,0.0,가맹점_25,IT서비스,부산,정체,226276.0,26646,8.49,정상,8,2023,2332635.0,2180922.0,2223022.0,2139347.6666666665,108.33333333333333,0,2,2,1976331.0
M0025,2023-09,1976331,95,95,20803.484210526316,1904486.0,3.77,0.0,가맹점_25,IT서비스,부산,정체,249642.0,25579,9.76,정상,9,2023,1904486.0,2332635.0,2180922.0,2071150.6666666667,104.0,0,2,2,1880132.0
M0025,2023-10,1880132,99,96,18991.23232323232,1976331.0,-4.87,3.12,가맹점_25,IT서비스,부산,정체,235005.0,27258,8.62,정상,10,2023,1976331.0,1904486.0,2332635.0,1920316.3333333333,98.33333333333333,0,2,2,2192077.0
M0025,2023-11,2192077,114,112,19228.745614035088,1880132.0,16.59,1.79,가맹점_25,IT서비스,부산,정체,234875.0,19286,12.18,정상,11,2023,1880132.0,1976331.0,1904486.0,2016180.0,102.66666666666667,0,2,2,1951803.0
M0025,2023-12,1951803,101,101,19324.78217821782,2192077.0,-10.96,0.0,가맹점_25,IT서비스,부산,정체,231897.0,21641,10.72,정상,12,2023,2192077.0,1880132.0,1976331.0,2008004.0,104.66666666666667,0,2,2,2240807.0
M0025,2024-01,2240807,107,107,20942.1214953271,1951803.0,14.81,0.0,가맹점_25,IT서비스,부산,정체,251305.0,19362,12.98,정상,1,2024,1951803.0,2192077.0,1880132.0,2128229.0,107.33333333333333,0,2,2,1692548.0
M0025,2024-02,1692548,91,91,18599.428571428572,2240807.0,-24.47,0.0,가맹점_25,IT서비스,부산,정체,223193.0,34227,6.52,정상,2,2024,2240807.0,1951803.0,2192077.0,1961719.3333333333,99.66666666666667,0,2,2,2401550.0
M0025,2024-03,2401550,122,121,19684.83606557377,1692548.0,41.89,0.83,가맹점_25,IT서비스,부산,정체,238179.0,18804,12.67,정상,3,2024,1692548.0,2240807.0,1951803.0,2111635.0,106.66666666666667,0,2,2,2324417.0
M0025,2024-04,2324417,117,116,19866.811965811965,2401550.0,-3.21,0.86,가맹점_25,IT서비스,부산,정체,240452.0,18925,12.71,정상,4,2024,2401550.0,1692548.0,2240807.0,2139505.0,110.0,0,2,2,2087755.0
M0025,2024-05,2087755,110,109,18979.590909090908,2324417.0,-10.18,0.92,가맹점_25,IT서비스,부산,정체,229850.0,30119,7.63,정상,5,2024,2324417.0,2401550.0,1692548.0,2271240.6666666665,116.33333333333333,0,2,2,2455559.0
M0025,2024-06,2455559,124,121,19802.895161290322,2087755.0,17.62,1.65,가맹점_25,IT서비스,부산,정체,241556.0,27210,8.88,정상,6,2024,2087755.0,2324417.0,2401550.0,2289243.6666666665,117.0,0,2,2,2560611.0
M0025,2024-07,2560611,119,116,21517.73949579832,2455559.0,4.28,2.59,가맹점_25,IT서비스,부산,정체,264901.0,15232,17.39,정상,7,2024,2455559.0,2087755.0,2324417.0,2367975.0,117.66666666666667,0,2,2,1321954.0
M0025,2024-08,1321954,69,69,19158.753623188404,2560611.0,-48.37,0.0,가맹점_25,IT서비스,부산,정체,229905.0,18470,12.45,high_cancel,8,2024,2560611.0,2455559.0,2087755.0,2112708.0,104.0,0,2,2,2004283.0
M0025,2024-09,2004283,100,100,20042.83,1321954.0,51.62,0.0,가맹점_25,IT서비스,부산,정체,240514.0,34168,7.04,정상,9,2024,1321954.0,2560611.0,2455559.0,1962282.6666666667,96.0,0,2,2,1875285.0
M0025,2024-10,1875285,96,95,19534.21875,2004283.0,-6.44,1.05,가맹점_25,IT서비스,부산,정체,236872.0,24263,9.76,정상,10,2024,2004283.0,1321954.0,2560611.0,1733840.6666666667,88.33333333333333,0,2,2,2016179.0
M0025,2024-11,2016179,108,107,18668.324074074073,1875285.0,7.51,0.93,가맹점_25,IT서비스,부산,정체,226103.0,23727,9.53,정상,11,2024,1875285.0,2004283.0,1321954.0,1965249.0,101.33333333333333,0,2,2,2300944.0
M0025,2024-12,2300944,120,119,19174.533333333333,2016179.0,14.12,0.84,가맹점_25,IT서비스,부산,정체,232027.0,12863,18.04,정상,12,2024,2016179.0,1875285.0,2004283.0,2064136.0,108.0,0,2,2,1750508.0
M0025,2025-01,1750508,88,88,19892.136363636364,2300944.0,-23.92,0.0,가맹점_25,IT서비스,부산,정체,238706.0,10433,22.88,정상,1,2025,2300944.0,2016179.0,1875285.0,2022543.6666666667,105.33333333333333,0,2,2,1838257.0
M0025,2025-02,1838257,97,94,18951.103092783505,1750508.0,5.01,3.19,가맹점_25,IT서비스,부산,정체,234668.0,32977,7.12,정상,2,2025,1750508.0,2300944.0,2016179.0,1963236.3333333333,101.66666666666667,0,2,2,2027585.0
M0025,2025-03,2027585,105,104,19310.333333333332,1838257.0,10.3,0.96,가맹점_25,IT서비스,부산,정체,233949.0,25985,9.0,정상,3,2025,1838257.0,1750508.0,2300944.0,1872116.6666666667,96.66666666666667,0,2,2,2575191.0
M0025,2025-04,2575191,129,127,19962.720930232557,2027585.0,27.01,1.57,가맹점_25,IT서비스,부산,정체,243314.0,28825,8.44,정상,4,2025,2027585.0,1838257.0,1750508.0,2147011.0,110.33333333333333,0,2,2,1867753.0
M0025,2025-05,1867753,102,102,18311.303921568626,2575191.0,-27.47,0.0,가맹점_25,IT서비스,부산,정체,219736.0,8422,26.09,정상,5,2025,2575191.0,2027585.0,1838257.0,2156843.0,112.0,0,2,2,1454656.0
M0025,2025-06,1454656,82,82,17739.70731707317,1867753.0,-22.12,0.0,가맹점_25,IT서비스,부산,정체,212876.0,25090,8.48,high_cancel,6,2025,1867753.0,2575191.0,2027585.0,1965866.6666666667,104.33333333333333,0,2,2,2368740.0
M0025,2025-07,2368740,119,117,19905.378151260506,1454656.0,62.84,1.71,가맹점_25,IT서비스,부산,정체,242949.0,16070,15.12,정상,7,2025,1454656.0,1867753.0,2575191.0,1897049.6666666667,101.0,0,2,2,6696725.0
M0025,2025-08,6696725,137,137,48881.20437956204,2368740.0,182.71,0.0,가맹점_25,IT서비스,부산,정체,586574.0,10177,57.64,revenue_spike,8,2025,2368740.0,1454656.0,1867753.0,3506707.0,112.66666666666667,0,2,2,1499243.0
M0025,2025-09,1499243,79,78,18977.759493670885,6696725.0,-77.61,1.28,가맹점_25,IT서비스,부산,정체,230648.0,29651,7.78,high_cancel,9,2025,6696725.0,2368740.0,1454656.0,3521569.3333333335,111.66666666666667,0,2,2,1930939.0
M0025,2025-10,1930939,103,102,18746.980582524273,1499243.0,28.79,0.98,가맹점_25,IT서비스,부산,정체,227168.0,9948,22.84,정상,10,2025,1499243.0,6696725.0,2368740.0,3375635.6666666665,106.33333333333333,0,2,2,1867215.0
M0025,2025-11,1867215,102,102,18306.029411764706,1930939.0,-3.3,0.0,가맹점_25,IT서비스,부산,정체,219672.0,29789,7.37,정상,11,2025,1930939.0,1499243.0,6696725.0,1765799.0,94.66666666666667,0,2,2,2416572.0
M0025,2025-12,2416572,123,122,19646.926829268294,1867215.0,29.42,0.82,가맹점_25,IT서비스,부산,정체,237696.0,10958,21.69,정상,12,2025,1867215.0,1930939.0,1499243.0,2071575.3333333333,109.33333333333333,0,2,2,
M0026,2023-01,1681136,87,86,19323.402298850575,,,1.16,가맹점_26,교육,서울,정체,234571.0,14731,15.92,정상,1,2023,,,,1681136.0,87.0,1,3,2,1914201.0
M0026,2023-02,1914201,108,107,17724.083333333332,1681136.0,13.86,0.93,가맹점_26,교육,서울,정체,214667.0,13677,15.7,정상,2,2023,1681136.0,,,1797668.5,97.5,1,3,2,1953121.0
M0026,2023-03,1953121,117,117,16693.34188034188,1914201.0,2.03,0.0,가맹점_26,교육,서울,정체,200320.0,12676,15.8,정상,3,2023,1914201.0,1681136.0,,1849486.0,104.0,1,3,2,1913018.0
M0026,2023-04,1913018,111,109,17234.396396396398,1953121.0,-2.05,1.83,가맹점_26,교육,서울,정체,210597.0,19173,10.98,정상,4,2023,1953121.0,1914201.0,1681136.0,1926780.0,112.0,1,3,2,1820204.0
M0026,2023-05,1820204,98,98,18573.51020408163,1913018.0,-4.85,0.0,가맹점_26,교육,서울,정체,222882.0,10987,20.29,정상,5,2023,1913018.0,1953121.0,1914201.0,1895447.6666666667,108.66666666666667,1,3,2,1881357.0
M0026,2023-06,1881357,107,106,17582.77570093458,1820204.0,3.36,0.94,가맹점_26,교육,서울,정체,212977.0,17875,11.91,정상,6,2023,1820204.0,1913018.0,1953121.0,1871526.3333333333,105.33333333333333,1,3,2,2242151.0
M0026,2023-07,2242151,128,126,17516.8046875,1881357.0,19.18,1.59,가맹점_26,교육,서울,정체,213544.0,16639,12.83,정상,7,2023,1881357.0,1820204.0,1913018.0,1981237.3333333333,111.0,1,3,2,2475059.0
M0026,2023-08,2475059,140,139,17678.992857142857,2242151.0,10.39,0.72,가맹점_26,교육,서울,정체,213675.0,25173,8.49,정상,8,2023,2242151.0,1881357.0,1820204.0,2199522.3333333335,125.0,1,3,2,2146934.0
M0026,2023-09,2146934,123,122,17454.747967479674,2475059.0,-13.26,0.82,가맹점_26,교육,서울,정체,211175.0,34958,6.04,정상,9,2023,2475059.0,2242151.0,1881357.0,2288048.0,130.33333333333334,1,3,2,1978680.0
M0026,2023-10,1978680,113,110,17510.442477876106,2146934.0,-7.84,2.73,가맹점_26,교육,서울,정체,215862.0,29509,7.32,정상,10,2023,2146934.0,2475059.0,2242151.0,2200224.3333333335,125.33333333333333,1,3,2,2620340.0
M0026,2023-11,2620340,138,137,18987.971014492752,1978680.0,32.43,0.73,가맹점_26,교육,서울,정체,229519.0,23011,9.97,정상,11,2023,1978680.0,2146934.0,2475059.0,2248651.3333333335,124.66666666666667,1,3,2,1485075.0
M0026,2023-12,1485075,77,77,19286.68831168831,2620340.0,-43.33,0.0,가맹점_26,교육,서울,정체,231440.0,13261,17.45,high_cancel,12,2023,2620340.0,1978680.0,2146934.0,2028031.6666666667,109.33333333333333,1,3,2,3487745.0
M0026,2024-01,3487745,95,92,36713.10526315789,1485075.0,134.85,3.26,가맹점_26,교육,서울,정체,454919.0,28542,15.94,aov_spike,1,2024,1485075.0,2620340.0,1978680.0,2531053.3333333335,103.33333333333333,1,3,2,1867375.0
M0026,2024-02,1867375,97,96,19251.288659793816,3487745.0,-46.46,1.04,가맹점_26,교육,서울,정체,233418.0,23884,9.77,정상,2,2024,3487745.0,1485075.0,2620340.0,2280065.0,89.66666666666667,1,3,2,1668034.0
M0026,2024-03,1668034,101,99,16515.188118811882,1867375.0,-10.67,2.02,가맹점_26,교육,서울,정체,202186.0,11374,17.78,정상,3,2024,1867375.0,3487745.0,1485075.0,2341051.3333333335,97.66666666666667,1,3,2,1935212.0
M0026,2024-04,1935212,99,98,19547.59595959596,1668034.0,16.02,1.02,가맹점_26,교육,서울,정체,236964.0,24319,9.74,정상,4,2024,1668034.0,1867375.0,3487745.0,1823540.3333333333,99.0,1,3,2,1966276.0
M0026,2024-05,1966276,107,105,18376.41121495327,1935212.0,1.61,1.9,가맹점_26,교육,서울,정체,224707.0,15247,14.74,정상,5,2024,1935212.0,1668034.0,1867375.0,1856507.3333333333,102.33333333333333,1,3,2,2283612.0
M0026,2024-06,2283612,135,132,16915.644444444446,1966276.0,16.14,2.27,가맹점_26,교육,서울,정체,207596.0,17850,11.63,정상,6,2024,1966276.0,1935212.0,1668034.0,2061700.0,113.66666666666667,1,3,2,2159155.0
M0026,2024-07,2159155,117,116,18454.31623931624,2283612.0,-5.45,0.86,가맹점_26,교육,서울,정체,223356.0,14700,15.19,정상,7,2024,2283612.0,1966276.0,1935212.0,2136347.6666666665,119.66666666666667,1,3,2,2246784.0
M0026,2024-08,2246784,128,125,17553.0,2159155.0,4.06,2.4,가맹점_26,교육,서울,정체,215691.0,32307,6.68,정상,8,2024,2159155.0,2283612.0,1966276.0,2229850.3333333335,126.66666666666667,1,3,2,1903935.0
M0026,2024-09,1903935,104,103,18307.06730769231,2246784.0,-15.26,0.97,가맹점_26,교육,서울,정체,221816.0,14965,14.82,정상,9,2024,2246784.0,2159155.0,2283612.0,2103291.3333333335,116.33333333333333,1,3,2,1852724.0
M0026,2024-10,1852724,98,97,18905.34693877551,1903935.0,-2.69,1.03,가맹점_26,교육,서울,정체,229201.0,22006,10.42,정상,10,2024,1903935.0,2246784.0,2159155.0,2001147.6666666667,110.0,1,3,2,2125890.0
M0026,2024-11,2125890,118,117,18016.01694915254,1852724.0,14.74,0.85,가맹점_26,교육,서울,정체,218030.0,20777,10.49,정상,11,2024,1852724.0,1903935.0,2246784.0,1960849.6666666667,106.66666666666667,1,3,2,2016462.0
M0026,2024-12,2016462,112,109,18004.125,2125890.0,-5.15,2.75,가맹점_26,교육,서울,정체,221991.0,16941,13.1,정상,12,2024,2125890.0,1852724.0,1903935.0,1998358.6666666667,109.33333333333333,1,3,2,1791378.0
M0026,2025-01,1791378,97,95,18467.81443298969,2016462.0,-11.16,2.11,가맹점_26,교육,서울,정체,226290.0,18588,12.17,정상,1,2025,2016462.0,2125890.0,1852724.0,1977910.0,109.0,1,3,2,1887781.0
M0026,2025-02,1887781,104,104,18151.740384615383,1791378.0,5.38,0.0,가맹점_26,교육,서울,정체,217821.0,20180,10.79,정상,2,2025,1791378.0,2016462.0,2125890.0,1898540.3333333333,104.33333333333333,1,3,2,1787413.0
M0026,2025-03,1787413,98,96,18238.908163265307,1887781.0,-5.32,2.08,가맹점_26,교육,서울,정체,223419.0,30342,7.36,정상,3,2025,1887781.0,1791378.0,2016462.0,1822190.6666666667,99.66666666666667,1,3,2,2167014.0
M0026,2025-04,2167014,118,117,18364.525423728814,1787413.0,21.24,0.85,가맹점_26,교육,서울,정체,222247.0,20521,10.83,정상,4,2025,1787413.0,1887781.0,1791378.0,1947402.6666666667,106.66666666666667,1,3,2,1782631.0
M0026,2025-05,1782631,100,99,17826.31,2167014.0,-17.74,1.01,가맹점_26,교육,서울,정체,216076.0,33230,6.5,정상,5,2025,2167014.0,1787413.0,1887781.0,1912352.6666666667,105.33333333333333,1,3,2,2162015.0
M0026,2025-06,2162015,117,114,18478.760683760684,1782631.0,21.28,2.63,가맹점_26,교육,서울,정체,227577.0,33283,6.84,정상,6,2025,1782631.0,2167014.0,1787413.0,2037220.0,111.66666666666667,1,3,2,2525086.0
M0026,2025-07,2525086,134,131,18843.925373134327,2162015.0,16.79,2.29,가맹점_26,교육,서울,정체,231305.0,26637,8.68,정상,7,2025,2162015.0,1782631.0,2167014.0,2156577.3333333335,117.0,1,3,2,2250357.0
M0026,2025-08,2250357,116,115,19399.629310344826,2525086.0,-10.88,0.87,가맹점_26,교육,서울,정체,234821.0,26513,8.86,정상,8,2025,2525086.0,2162015.0,1782631.0,2312486.0,122.33333333333333,1,3,2,2017609.0
M0026,2025-09,2017609,120,119,16813.408333333333,2250357.0,-10.34,0.84,가맹점_26,교육,서울,정체,203456.0,19462,10.45,정상,9,2025,2250357.0,2525086.0,2162015.0,2264350.6666666665,123.33333333333333,1,3,2,2197697.0
M0026,2025-10,2197697,118,114,18624.550847457627,2017609.0,8.93,3.51,가맹점_26,교육,서울,정체,231339.0,34683,6.67,정상,10,2025,2017609.0,2250357.0,2525086.0,2155221.0,118.0,1,3,2,2027741.0
M0026,2025-11,2027741,112,109,18104.83035714286,2197697.0,-7.73,2.75,가맹점_26,교육,서울,정체,223233.0,34291,6.51,정상,11,2025,2197697.0,2017609.0,2250357.0,2081015.6666666667,116.66666666666667,1,3,2,1847330.0
M0026,2025-12,1847330,111,111,16642.61261261261,2027741.0,-8.9,0.0,가맹점_26,교육,서울,정체,199711.0,9528,20.96,정상,12,2025,2027741.0,2197697.0,2017609.0,2024256.0,113.66666666666667,1,3,2,
M0027,2023-01,765984,39,39,19640.615384615383,,,0.0,가맹점_27,뷰티,부산,안정,235687.0,31030,7.6,정상,1,2023,,,,765984.0,39.0,3,2,1,2166677.0
M0027,2023-02,2166677,40,40,54166.925,765984.0,182.86,0.0,가맹점_27,뷰티,부산,안정,650003.0,24957,26.04,revenue_spike,2,2023,765984.0,,,1466330.5,39.5,3,2,1,1122238.0
M0027,2023-03,1122238,54,53,20782.185185185186,2166677.0,-48.2,1.89,가맹점_27,뷰티,부산,안정,254100.0,17088,14.87,정상,3,2023,2166677.0,765984.0,,1351633.0,44.333333333333336,3,2,1,1015395.0
M0027,2023-04,1015395,53,53,19158.396226415094,1122238.0,-9.52,0.0,가맹점_27,뷰티,부산,안정,229901.0,34290,6.7,정상,4,2023,1122238.0,2166677.0,765984.0,1434770.0,49.0,3,2,1,1021015.0
M0027,2023-05,1021015,49,49,20837.04081632653,1015395.0,0.55,0.0,가맹점_27,뷰티,부산,안정,250044.0,26594,9.4,정상,5,2023,1015395.0,1122238.0,2166677.0,1052882.6666666667,52.0,3,2,1,938960.0
M0027,2023-06,938960,50,50,18779.2,1021015.0,-8.04,0.0,가맹점_27,뷰티,부산,안정,225350.0,20931,10.77,정상,6,2023,1021015.0,1015395.0,1122238.0,991790.0,50.666666666666664,3,2,1,843643.0
M0027,2023-07,843643,47,47,17949.85106382979,938960.0,-10.15,0.0,가맹점_27,뷰티,부산,안정,215398.0,30834,6.99,정상,7,2023,938960.0,1021015.0,1015395.0,934539.3333333334,48.666666666666664,3,2,1,971480.0
M0027,2023-08,971480,52,52,18682.30769230769,843643.0,15.15,0.0,가맹점_27,뷰티,부산,안정,224188.0,33655,6.66,정상,8,2023,843643.0,938960.0,1021015.0,918027.6666666666,49.666666666666664,3,2,1,953523.0
M0027,2023-09,953523,52,50,18336.98076923077,971480.0,-1.85,4.0,가맹점_27,뷰티,부산,안정,228846.0,30331,7.54,정상,9,2023,971480.0,843643.0,938960.0,922882.0,50.333333333333336,3,2,1,674523.0
M0027,2023-10,674523,39,39,17295.46153846154,953523.0,-29.26,0.0,가맹점_27,뷰티,부산,안정,207546.0,8968,23.14,정상,10,2023,953523.0,971480.0,843643.0,866508.6666666666,47.666666666666664,3,2,1,1121758.0
M0027,2023-11,1121758,59,59,19012.84745762712,674523.0,66.3,0.0,가맹점_27,뷰티,부산,안정,228154.0,14709,15.51,정상,11,2023,674523.0,953523.0,971480.0,916601.3333333334,50.0,3,2,1,966633.0
M0027,2023-12,966633,50,50,19332.66,1121758.0,-13.83,0.0,가맹점_27,뷰티,부산,안정,231992.0,31656,7.33,정상,12,2023,1121758.0,674523.0,953523.0,920971.3333333334,49.333333333333336,3,2,1,995876.0
M0027,2024-01,995876,49,49,20324.0,966633.0,3.03,0.0,가맹점_27,뷰티,부산,안정,243888.0,8775,27.79,정상,1,2024,966633.0,1121758.0,674523.0,1028089.0,52.666666666666664,3,2,1,652863.0
M0027,2024-02,652863,38,38,17180.605263157893,995876.0,-34.44,0.0,가맹점_27,뷰티,부산,안정,206167.0,25613,8.05,정상,2,2024,995876.0,966633.0,1121758.0,871790.6666666666,45.666666666666664,3,2,1,1030337.0
M0027,2024-03,1030337,51,50,20202.686274509804,652863.0,57.82,2.0,가맹점_27,뷰티,부산,안정,247281.0,15143,16.33,정상,3,2024,652863.0,995876.0,966633.0,893025.3333333334,46.0,3,2,1,819960.0
M0027,2024-04,819960,40,40,20499.0,1030337.0,-20.42,0.0,가맹점_27,뷰티,부산,안정,245988.0,8631,28.5,정상,4,2024,1030337.0,652863.0,995876.0,834386.6666666666,43.0,3,2,1,770254.0
M0027,2024-05,770254,38,38,20269.842105263157,819960.0,-6.06,0.0,가맹점_27,뷰티,부산,안정,243238.0,10527,23.11,정상,5,2024,819960.0,1030337.0,652863.0,873517.0,43.0,3,2,1,996239.0
M0027,2024-06,996239,46,46,21657.369565217392,770254.0,29.34,0.0,가맹점_27,뷰티,부산,안정,259888.0,10929,23.78,정상,6,2024,770254.0,819960.0,1030337.0,862151.0,41.333333333333336,3,2,1,670094.0
M0027,2024-07,670094,41,40,16343.756097560976,996239.0,-32.74,2.5,가맹점_27,뷰티,부산,안정,201028.0,14065,14.29,high_cancel,7,2024,996239.0,770254.0,819960.0,812195.6666666666,41.666666666666664,3,2,1,1221702.0
M0027,2024-08,1221702,61,60,20027.90163934426,670094.0,82.32,1.67,가맹점_27,뷰티,부산,안정,244348.0,31854,7.67,정상,8,2024,670094.0,996239.0,770254.0,962678.3333333334,49.333333333333336,3,2,1,844576.0
M0027,2024-09,844576,46,46,18360.347826086956,1221702.0,-30.87,0.0,가맹점_27,뷰티,부산,안정,220324.0,28766,7.66,정상,9,2024,1221702.0,670094.0,996239.0,912124.0,49.333333333333336,3,2,1,594294.0
M0027,2024-10,594294,35,35,16979.82857142857,844576.0,-29.63,0.0,가맹점_27,뷰티,부산,안정,203758.0,21189,9.62,정상,10,2024,844576.0,1221702.0,670094.0,886857.3333333334,47.333333333333336,3,2,1,1205554.0
M0027,2024-11,1205554,56,56,21527.75,594294.0,102.85,0.0,가맹점_27,뷰티,부산,안정,258333.0,9703,26.62,정상,11,2024,594294.0,844576.0,1221702.0,881474.6666666666,45.666666666666664,3,2,1,1202935.0
M0027,2024-12,1202935,59,58,20388.728813559323,1205554.0,-0.22,1.72,가맹점_27,뷰티,부산,안정,248873.0,23481,10.6,정상,12,2024,1205554.0,594294.0,844576.0,1000927.6666666666,50.0,3,2,1,1125805.0
M0027,2025-01,1125805,51,51,22074.607843137255,1202935.0,-6.41,0.0,가맹점_27,뷰티,부산,안정,264895.0,17223,15.38,정상,1,2025,1202935.0,1205554.0,594294.0,1178098.0,55.333333333333336,3,2,1,633700.0
M0027,2025-02,633700,34,34,18638.235294117647,1125805.0,-43.71,0.0,가맹점_27,뷰티,부산,안정,223659.0,14896,15.01,정상,2,2025,1125805.0,1202935.0,1205554.0,987480.0,48.0,3,2,1,1114812.0
M0027,2025-03,1114812,51,51,21859.058823529413,633700.0,75.92,0.0,가맹점_27,뷰티,부산,안정,262309.0,18992,13.81,정상,3,2025,633700.0,1125805.0,1202935.0,958105.6666666666,45.333333333333336,3,2,1,950690.0
M0027,2025-04,950690,46,46,20667.17391304348,1114812.0,-14.72,0.0,가맹점_27,뷰티,부산,안정,248006.0,9302,26.66,정상,4,2025,1114812.0,633700.0,1125805.0,899734.0,43.666666666666664,3,2,1,904065.0
M0027,2025-05,904065,44,44,20546.93181818182,950690.0,-4.9,0.0,가맹점_27,뷰티,부산,안정,246563.0,31294,7.88,정상,5,2025,950690.0,1114812.0,633700.0,989855.6666666666,47.0,3,2,1,765830.0
M0027,2025-06,765830,38,38,20153.42105263158,904065.0,-15.29,0.0,가맹점_27,뷰티,부산,안정,241841.0,24398,9.91,high_cancel,6,2025,904065.0,950690.0,1114812.0,873528.3333333334,42.666666666666664,3,2,1,832755.0
M0027,2025-07,832755,45,44,18505.666666666668,765830.0,8.74,2.27,가맹점_27,뷰티,부산,안정,227109.0,22450,10.12,정상,7,2025,765830.0,904065.0,950690.0,834216.6666666666,42.333333333333336,3,2,1,992613.0
M0027,2025-08,992613,49,48,20257.408163265307,832755.0,19.2,2.08,가맹점_27,뷰티,부산,안정,248145.0,12819,19.36,정상,8,2025,832755.0,765830.0,904065.0,863732.6666666666,44.0,3,2,1,1155505.0
M0027,2025-09,1155505,59,58,19584.830508474577,992613.0,16.41,1.72,가맹점_27,뷰티,부산,안정,239060.0,8481,28.19,정상,9,2025,992613.0,832755.0,765830.0,993624.3333333334,51.0,3,2,1,993687.0
M0027,2025-10,993687,47,46,21142.27659574468,1155505.0,-14.0,2.17,가맹점_27,뷰티,부산,안정,259213.0,17629,14.7,정상,10,2025,1155505.0,992613.0,832755.0,1047268.3333333334,51.666666666666664,3,2,1,1334644.0
M0027,2025-11,1334644,65,64,20532.984615384616,993687.0,34.31,1.56,가맹점_27,뷰티,부산,안정,250240.0,22919,10.92,정상,11,2025,993687.0,1155505.0,992613.0,1161278.6666666667,57.0,3,2,1,1526283.0
M0027,2025-12,1526283,81,80,18843.0,1334644.0,14.36,1.25,가맹점_27,뷰티,부산,안정,228942.0,14675,15.6,정상,12,2025,1334644.0,993687.0,1155505.0,1284871.3333333333,64.33333333333333,3,2,1,
M0028,2023-01,2073666,51,51,40660.117647058825,,,0.0,가맹점_28,IT서비스,서울,안정,487921.0,24256,20.12,정상,1,2023,,,,2073666.0,51.0,0,3,1,1902311.0
M0028,2023-02,1902311,45,44,42273.57777777778,2073666.0,-8.26,2.27,가맹점_28,IT서비스,서울,안정,518798.0,27455,18.9,정상,2,2023,2073666.0,,,1987988.5,48.0,0,3,1,1983526.0
M0028,2023-03,1983526,51,50,38892.666666666664,1902311.0,4.27,2.0,가맹점_28,IT서비스,서울,안정,476046.0,31392,15.16,정상,3,2023,1902311.0,2073666.0,,1986501.0,49.0,0,3,1,1793075.0
M0028,2023-04,1793075,48,48,37355.729166666664,1983526.0,-9.6,0.0,가맹점_28,IT서비스,서울,안정,448269.0,14396,31.14,정상,4,2023,1983526.0,1902311.0,2073666.0,1892970.6666666667,48.0,0,3,1,1737083.0
M0028,2023-05,1737083,42,42,41359.119047619046,1793075.0,-3.12,0.0,가맹점_28,IT서비스,서울,안정,496309.0,11929,41.61,정상,5,2023,1793075.0,1983526.0,1902311.0,1837894.6666666667,47.0,0,3,1,1648299.0
M0028,2023-06,1648299,46,46,35832.586956521736,1737083.0,-5.11,0.0,가맹점_28,IT서비스,서울,안정,429991.0,27620,15.57,정상,6,2023,1737083.0,1793075.0,1983526.0,1726152.3333333333,45.333333333333336,0,3,1,1409344.0
M0028,2023-07,1409344,38,37,37088.0,1648299.0,-14.5,2.7,가맹점_28,IT서비스,서울,안정,457073.0,34965,13.07,high_cancel,7,2023,1648299.0,1737083.0,1793075.0,1598242.0,42.0,0,3,1,2197319.0
M0028,2023-08,2197319,51,51,43084.686274509804,1409344.0,55.91,0.0,가맹점_28,IT서비스,서울,안정,517016.0,10910,47.39,정상,8,2023,1409344.0,1648299.0,1737083.0,1751654.0,45.0,0,3,1,2109844.0
M0028,2023-09,2109844,50,48,42196.88,2197319.0,-3.98,4.17,가맹점_28,IT서비스,서울,안정,527478.0,21193,24.89,정상,9,2023,2197319.0,1409344.0,1648299.0,1905502.3333333333,46.333333333333336,0,3,1,1849620.0
M0028,2023-10,1849620,47,47,39353.617021276594,2109844.0,-12.33,0.0,가맹점_28,IT서비스,서울,안정,472243.0,29357,16.09,정상,10,2023,2109844.0,2197319.0,1409344.0,2052261.0,49.333333333333336,0,3,1,2929256.0
M0028,2023-11,2929256,74,74,39584.54054054054,1849620.0,58.37,0.0,가맹점_28,IT서비스,서울,안정,475014.0,18402,25.81,정상,11,2023,1849620.0,2109844.0,2197319.0,2296240.0,57.0,0,3,1,1828160.0
M0028,2023-12,1828160,45,44,40625.77777777778,2929256.0,-37.59,2.27,가맹점_28,IT서비스,서울,안정,498576.0,9788,50.94,정상,12,2023,2929256.0,1849620.0,2109844.0,2202345.3333333335,55.333333333333336,0,3,1,1982371.0
M0028,2024-01,1982371,51,51,38870.01960784314,1828160.0,8.44,0.0,가맹점_28,IT서비스,서울,안정,466440.0,19249,24.23,정상,1,2024,1828160.0,2929256.0,1849620.0,2246595.6666666665,56.666666666666664,0,3,1,1462336.0
M0028,2024-02,1462336,37,37,39522.59459459459,1982371.0,-26.23,0.0,가맹점_28,IT서비스,서울,안정,474271.0,14615,32.45,정상,2,2024,1982371.0,1828160.0,2929256.0,1757622.3333333333,44.333333333333336,0,3,1,2515195.0
M0028,2024-03,2515195,55,54,45730.818181818184,1462336.0,72.0,1.85,가맹점_28,IT서비스,서울,안정,558922.0,27512,20.32,정상,3,2024,1462336.0,1982371.0,1828160.0,1986634.0,47.666666666666664,0,3,1,1916306.0
M0028,2024-04,1916306,46,46,41658.82608695652,2515195.0,-23.81,0.0,가맹점_28,IT서비스,서울,안정,499906.0,16160,30.93,정상,4,2024,2515195.0,1462336.0,1982371.0,1964612.3333333333,46.0,0,3,1,1797743.0
M0028,2024-05,1797743,51,51,35249.86274509804,1916306.0,-6.19,0.0,가맹점_28,IT서비스,서울,안정,422998.0,12975,32.6,정상,5,2024,1916306.0,2515195.0,1462336.0,2076414.6666666667,50.666666666666664,0,3,1,2038236.0
M0028,2024-06,2038236,48,48,42463.25,1797743.0,13.38,0.0,가맹점_28,IT서비스,서울,안정,509559.0,26500,19.23,정상,6,2024,1797743.0,1916306.0,2515195.0,1917428.3333333333,48.333333333333336,0,3,1,2052352.0
M0028,2024-07,2052352,47,47,43667.063829787236,2038236.0,0.69,0.0,가맹점_28,IT서비스,서울,안정,524005.0,12963,40.42,정상,7,2024,2038236.0,1797743.0,1916306.0,1962777.0,48.666666666666664,0,3,1,1461319.0
M0028,2024-08,1461319,40,40,36532.975,2052352.0,-28.8,0.0,가맹점_28,IT서비스,서울,안정,438396.0,15145,28.95,정상,8,2024,2052352.0,2038236.0,1797743.0,1850635.6666666667,45.0,0,3,1,2094361.0
M0028,2024-09,2094361,48,48,43632.520833333336,1461319.0,43.32,0.0,가맹점_28,IT서비스,서울,안정,523590.0,22827,22.94,정상,9,2024,1461319.0,2052352.0,2038236.0,1869344.0,45.0,0,3,1,1758182.0
M0028,2024-10,1758182,42,41,41861.47619047619,2094361.0,-16.05,2.44,가맹점_28,IT서비스,서울,안정,514595.0,8596,59.86,정상,10,2024,2094361.0,1461319.0,2052352.0,1771287.3333333333,43.333333333333336,0,3,1,1970250.0
M0028,2024-11,1970250,53,53,37174.52830188679,1758182.0,12.06,0.0,가맹점_28,IT서비스,서울,안정,446094.0,23971,18.61,정상,11,2024,1758182.0,2094361.0,1461319.0,1940931.0,47.666666666666664,0,3,1,1696513.0
M0028,2024-12,1696513,41,40,41378.365853658535,1970250.0,-13.89,2.5,가맹점_28,IT서비스,서울,안정,508954.0,29873,17.04,정상,12,2024,1970250.0,1758182.0,2094361.0,1808315.0,45.333333333333336,0,3,1,1654750.0
M0028,2025-01,1654750,43,43,38482.558139534885,1696513.0,-2.46,0.0,가맹점_28,IT서비스,서울,안정,461791.0,34957,13.21,정상,1,2025,1696513.0,1970250.0,1758182.0,1773837.6666666667,45.666666666666664,0,3,1,1363576.0
M0028,2025-02,1363576,37,37,36853.40540540541,1654750.0,-17.6,0.0,가맹점_28,IT서비스,서울,안정,442241.0,22890,19.32,정상,2,2025,1654750.0,1696513.0,1970250.0,1571613.0,40.333333333333336,0,3,1,1739155.0
M0028,2025-03,1739155,44,44,39526.25,1363576.0,27.54,0.0,가맹점_28,IT서비스,서울,안정,474315.0,17772,26.69,정상,3,2025,1363576.0,1654750.0,1696513.0,1585827.0,41.333333333333336,0,3,1,2233871.0
M0028,2025-04,2233871,58,57,38515.01724137931,1739155.0,28.45,1.75,가맹점_28,IT서비스,서울,안정,470268.0,34363,13.69,정상,4,2025,1739155.0,1363576.0,1654750.0,1778867.3333333333,46.333333333333336,0,3,1,1880020.0
M0028,2025-05,1880020,42,42,44762.380952380954,2233871.0,-15.84,0.0,가맹점_28,IT서비스,서울,안정,537149.0,11772,45.63,정상,5,2025,2233871.0,1739155.0,1363576.0,1951015.3333333333,48.0,0,3,1,2142206.0
M0028,2025-06,2142206,56,55,38253.67857142857,1880020.0,13.95,1.82,가맹점_28,IT서비스,서울,안정,467399.0,17086,27.36,정상,6,2025,1880020.0,2233871.0,1739155.0,2085365.6666666667,52.0,0,3,1,2543270.0
M0028,2025-07,2543270,62,60,41020.48387096774,2142206.0,18.72,3.33,가맹점_28,IT서비스,서울,안정,508638.0,12443,40.88,정상,7,2025,2142206.0,1880020.0,2233871.0,2188498.6666666665,53.333333333333336,0,3,1,2388156.0
M0028,2025-08,2388156,60,60,39802.6,2543270.0,-6.1,0.0,가맹점_28,IT서비스,서울,안정,477631.0,14080,33.92,정상,8,2025,2543270.0,2142206.0,1880020.0,2357877.3333333335,59.333333333333336,0,3,1,2690235.0
M0028,2025-09,2690235,70,70,38431.92857142857,2388156.0,12.65,0.0,가맹점_28,IT서비스,서울,안정,461183.0,14930,30.89,정상,9,2025,2388156.0,2543270.0,2142206.0,2540553.6666666665,64.0,0,3,1,1919986.0
M0028,2025-10,1919986,44,44,43636.045454545456,2690235.0,-28.63,0.0,가맹점_28,IT서비스,서울,안정,523633.0,24000,21.82,정상,10,2025,2690235.0,2388156.0,2543270.0,2332792.3333333335,58.0,0,3,1,2338604.0
M0028,2025-11,2338604,57,56,41028.14035087719,1919986.0,21.8,1.79,가맹점_28,IT서비스,서울,안정,501151.0,32588,15.38,정상,11,2025,1919986.0,2690235.0,2388156.0,2316275.0,57.0,0,3,1,2580567.0
M0028,2025-12,2580567,66,66,39099.5,2338604.0,10.35,0.0,가맹점_28,IT서비스,서울,안정,469194.0,12352,37.99,정상,12,2025,2338604.0,1919986.0,2690235.0,2279719.0,55.666666666666664,0,3,1,
M0029,2023-01,3148341,89,88,35374.61797752809,,,1.14,가맹점_29,피트니스,대구,급성장,429335.0,15443,27.8,정상,1,2023,,,,3148341.0,89.0,7,1,0,3387303.0
M0029,2023-02,3387303,95,92,35655.82105263158,3148341.0,7.59,2.17,가맹점_29,피트니스,대구,급성장,437155.0,13784,31.71,정상,2,2023,3148341.0,,,3267822.0,92.0,7,1,0,2750518.0
M0029,2023-03,2750518,84,84,32744.261904761905,3387303.0,-18.8,0.0,가맹점_29,피트니스,대구,급성장,392931.0,29424,13.35,정상,3,2023,3387303.0,3148341.0,,3095387.3333333335,89.33333333333333,7,1,0,3397555.0
M0029,2023-04,3397555,93,93,36532.84946236559,2750518.0,23.52,0.0,가맹점_29,피트니스,대구,급성장,438394.0,17036,25.73,정상,4,2023,2750518.0,3387303.0,3148341.0,3178458.6666666665,90.66666666666667,7,1,0,4374288.0
M0029,2023-05,4374288,109,106,40131.08256880734,3397555.0,28.75,2.83,가맹점_29,피트니스,대구,급성장,495202.0,18896,26.21,정상,5,2023,3397555.0,2750518.0,3387303.0,3507453.6666666665,95.33333333333333,7,1,0,4887989.0
M0029,2023-06,4887989,124,122,39419.26612903226,4374288.0,11.74,1.64,가맹점_29,피트니스,대구,급성장,480789.0,9251,51.97,정상,6,2023,4374288.0,3397555.0,2750518.0,4219944.0,108.66666666666667,7,1,0,4987258.0
M0029,2023-07,4987258,128,127,38962.953125,4887989.0,2.03,0.79,가맹점_29,피트니스,대구,급성장,471249.0,29126,16.18,정상,7,2023,4887989.0,4374288.0,3397555.0,4749845.0,120.33333333333333,7,1,0,12835161.0
M0029,2023-08,12835161,136,134,94376.18382352941,4987258.0,157.36,1.49,가맹점_29,피트니스,대구,급성장,1149389.0,15552,73.91,revenue_spike,8,2023,4987258.0,4887989.0,4374288.0,7570136.0,129.33333333333334,7,1,0,6094496.0
M0029,2023-09,6094496,149,147,40902.657718120805,12835161.0,-52.52,1.36,가맹점_29,피트니스,대구,급성장,497507.0,31066,16.01,정상,9,2023,12835161.0,4987258.0,4887989.0,7972305.0,137.66666666666666,7,1,0,5083163.0
M0029,2023-10,5083163,122,120,41665.270491803276,6094496.0,-16.59,1.67,가맹점_29,피트니스,대구,급성장,508333.0,16185,31.41,정상,10,2023,6094496.0,12835161.0,4987258.0,8004273.333333333,135.66666666666666,7,1,0,5941365.0
M0029,2023-11,5941365,150,145,39609.1,5083163.0,16.88,3.45,가맹점_29,피트니스,대구,급성장,491707.0,10608,46.35,정상,11,2023,5083163.0,6094496.0,12835161.0,5706341.333333333,140.33333333333334,7,1,0,5596774.0
M0029,2023-12,5596774,155,152,36108.21935483871,5941365.0,-5.8,1.97,가맹점_29,피트니스,대구,급성장,441835.0,14340,30.81,정상,12,2023,5941365.0,5083163.0,6094496.0,5540434.0,142.33333333333334,7,1,0,5113971.0
M0029,2024-01,5113971,124,121,41241.70161290323,5596774.0,-8.63,2.48,가맹점_29,피트니스,대구,급성장,507174.0,19253,26.34,정상,1,2024,5596774.0,5941365.0,5083163.0,5550703.333333333,143.0,7,1,0,13428426.0
M0029,2024-02,13428426,115,115,116768.92173913044,5113971.0,162.58,0.0,가맹점_29,피트니스,대구,급성장,1401227.0,19471,71.96,revenue_spike,2,2024,5113971.0,5596774.0,5941365.0,8046390.333333333,131.33333333333334,7,1,0,6046293.0
M0029,2024-03,6046293,145,144,41698.5724137931,13428426.0,-54.97,0.69,가맹점_29,피트니스,대구,급성장,503836.0,14121,35.68,정상,3,2024,13428426.0,5113971.0,5596774.0,8196230.0,128.0,7,1,0,5569184.0
M0029,2024-04,5569184,138,136,40356.40579710145,6046293.0,-7.89,1.47,가맹점_29,피트니스,대구,급성장,491396.0,25080,19.59,정상,4,2024,6046293.0,13428426.0,5113971.0,8347967.666666667,132.66666666666666,7,1,0,7091312.0
M0029,2024-05,7091312,167,161,42462.94610778443,5569184.0,27.33,3.73,가맹점_29,피트니스,대구,급성장,528562.0,21956,24.07,정상,5,2024,5569184.0,6046293.0,13428426.0,6235596.333333333,150.0,7,1,0,6799769.0
M0029,2024-06,6799769,161,158,42234.5900621118,7091312.0,-4.11,1.9,가맹점_29,피트니스,대구,급성장,516445.0,27284,18.93,정상,6,2024,7091312.0,5569184.0,6046293.0,6486755.0,155.33333333333334,7,1,0,6332720.0
M0029,2024-07,6332720,143,140,44284.755244755244,6799769.0,-6.87,1.43,가맹점_29,피트니스,대구,급성장,539016.0,30635,17.59,정상,7,2024,6799769.0,7091312.0,5569184.0,6741267.0,157.0,7,1,0,7388014.0
M0029,2024-08,7388014,172,171,42953.56976744186,6332720.0,16.66,0.58,가맹점_29,피트니스,대구,급성장,518432.0,25617,20.24,정상,8,2024,6332720.0,6799769.0,7091312.0,6840167.666666667,158.66666666666666,7,1,0,7664807.0
M0029,2024-09,7664807,167,165,45897.04790419162,7388014.0,3.75,1.21,가맹점_29,피트니스,대구,급성장,557429.0,26724,20.86,정상,9,2024,7388014.0,6332720.0,6799769.0,7128513.666666667,160.66666666666666,7,1,0,7512205.0
M0029,2024-10,7512205,167,166,44983.26347305389,7664807.0,-1.99,0.6,가맹점_29,피트니스,대구,급성장,543038.0,34371,15.8,정상,10,2024,7664807.0,7388014.0,6332720.0,7521675.333333333,168.66666666666666,7,1,0,9171564.0
M0029,2024-11,9171564,201,194,45629.67164179104,7512205.0,22.09,3.61,가맹점_29,피트니스,대구,급성장,567323.0,20307,27.94,정상,11,2024,7512205.0,7664807.0,7388014.0,8116192.0,178.33333333333334,7,1,0,8694196.0
M0029,2024-12,8694196,186,183,46742.98924731183,9171564.0,-5.2,1.64,가맹점_29,피트니스,대구,급성장,570115.0,20639,27.62,정상,12,2024,9171564.0,7512205.0,7664807.0,8459321.666666666,184.66666666666666,7,1,0,4978466.0
M0029,2025-01,4978466,117,115,42550.99145299145,8694196.0,-42.74,1.74,가맹점_29,피트니스,대구,급성장,519497.0,13763,37.75,정상,1,2025,8694196.0,9171564.0,7512205.0,7614742.0,168.0,7,1,0,6244223.0
M0029,2025-02,6244223,134,134,46598.67910447761,4978466.0,25.42,0.0,가맹점_29,피트니스,대구,급성장,559184.0,33547,16.67,정상,2,2025,4978466.0,8694196.0,9171564.0,6638961.666666667,145.66666666666666,7,1,0,7340127.0
M0029,2025-03,7340127,155,153,47355.65806451613,6244223.0,17.55,1.31,가맹점_29,피트니스,대구,급성장,575712.0,34820,16.53,정상,3,2025,6244223.0,4978466.0,8694196.0,6187605.333333333,135.33333333333334,7,1,0,9084757.0
M0029,2025-04,9084757,179,176,50752.832402234635,7340127.0,23.77,1.7,가맹점_29,피트니스,대구,급성장,619388.0,11448,54.1,정상,4,2025,7340127.0,6244223.0,4978466.0,7556369.0,156.0,7,1,0,8402806.0
M0029,2025-05,8402806,182,177,46169.26373626374,9084757.0,-7.51,2.82,가맹점_29,피트니스,대구,급성장,569655.0,18278,31.17,정상,5,2025,9084757.0,7340127.0,6244223.0,8275896.666666667,172.0,7,1,0,8209172.0
M0029,2025-06,8209172,174,171,47179.14942528736,8402806.0,-2.3,1.75,가맹점_29,피트니스,대구,급성장,576057.0,16589,34.73,정상,6,2025,8402806.0,9084757.0,7340127.0,8565578.333333334,178.33333333333334,7,1,0,9308570.0
M0029,2025-07,9308570,197,192,47251.62436548223,8209172.0,13.39,2.6,가맹점_29,피트니스,대구,급성장,581762.0,33768,17.23,정상,7,2025,8209172.0,8402806.0,9084757.0,8640182.666666666,184.33333333333334,7,1,0,10077088.0
M0029,2025-08,10077088,216,210,46653.18518518518,9308570.0,8.26,2.86,가맹점_29,피트니스,대구,급성장,575850.0,25373,22.7,정상,8,2025,9308570.0,8209172.0,8402806.0,9198276.666666666,195.66666666666666,7,1,0,9804688.0
M0029,2025-09,9804688,195,189,50280.45128205128,10077088.0,-2.7,3.17,가맹점_29,피트니스,대구,급성장,622492.0,33908,18.36,정상,9,2025,10077088.0,9308570.0,8209172.0,9730115.333333334,202.66666666666666,7,1,0,9712022.0
M0029,2025-10,9712022,193,189,50321.35751295337,9804688.0,-0.95,2.12,가맹점_29,피트니스,대구,급성장,616658.0,15460,39.89,정상,10,2025,9804688.0,10077088.0,9308570.0,9864599.333333334,201.33333333333334,7,1,0,10135474.0
M0029,2025-11,10135474,216,211,46923.49074074074,9712022.0,4.36,1.9,가맹점_29,피트니스,대구,급성장,573780.0,33310,17.23,정상,11,2025,9712022.0,9804688.0,10077088.0,9884061.333333334,201.33333333333334,7,1,0,11267006.0
M0029,2025-12,11267006,237,228,47540.10970464135,10135474.0,11.16,3.95,가맹점_29,피트니스,대구,급성장,593015.0,27953,21.21,정상,12,2025,10135474.0,9712022.0,9804688.0,10371500.666666666,215.33333333333334,7,1,0,
M0030,2023-01,2615642,81,80,32291.876543209877,,,1.25,가맹점_30,뷰티,대구,급성장,392346.0,31458,12.47,정상,1,2023,,,,2615642.0,81.0,3,1,0,2867691.0
M0030,2023-02,2867691,93,91,30835.387096774193,2615642.0,9.64,2.2,가맹점_30,뷰티,대구,급성장,378165.0,22189,17.04,정상,2,2023,2615642.0,,,2741666.5,87.0,3,1,0,4239886.0
M0030,2023-03,4239886,125,124,33919.088,2867691.0,47.85,0.81,가맹점_30,뷰티,대구,급성장,410326.0,29791,13.77,정상,3,2023,2867691.0,2615642.0,,3241073.0,99.66666666666667,3,1,0,3588599.0
M0030,2023-04,3588599,106,104,33854.70754716981,4239886.0,-15.36,1.92,가맹점_30,뷰티,대구,급성장,414057.0,17700,23.39,정상,4,2023,4239886.0,2867691.0,2615642.0,3565392.0,108.0,3,1,0,3397050.0
M0030,2023-05,3397050,108,104,31454.166666666668,3588599.0,-5.34,3.85,가맹점_30,뷰티,대구,급성장,391982.0,11792,33.24,정상,5,2023,3588599.0,4239886.0,2867691.0,3741845.0,113.0,3,1,0,4396176.0
M0030,2023-06,4396176,131,128,33558.59541984733,3397050.0,29.41,2.34,가맹점_30,뷰티,대구,급성장,412126.0,15736,26.19,정상,6,2023,3397050.0,3588599.0,4239886.0,3793941.6666666665,115.0,3,1,0,5217662.0
M0030,2023-07,5217662,154,151,33880.92207792208,4396176.0,18.69,1.99,가맹점_30,뷰티,대구,급성장,414662.0,16541,25.07,정상,7,2023,4396176.0,3397050.0,3588599.0,4336962.666666667,131.0,3,1,0,4733562.0
M0030,2023-08,4733562,140,136,33811.15714285714,5217662.0,-9.28,2.94,가맹점_30,뷰티,대구,급성장,417662.0,30944,13.5,정상,8,2023,5217662.0,4396176.0,3397050.0,4782466.666666667,141.66666666666666,3,1,0,4626784.0
M0030,2023-09,4626784,137,131,33772.14598540146,4733562.0,-2.26,4.58,가맹점_30,뷰티,대구,급성장,423827.0,23267,18.22,정상,9,2023,4733562.0,5217662.0,4396176.0,4859336.0,143.66666666666666,3,1,0,4385770.0
M0030,2023-10,4385770,132,129,33225.530303030304,4626784.0,-5.21,2.33,가맹점_30,뷰티,대구,급성장,407996.0,16700,24.43,정상,10,2023,4626784.0,4733562.0,5217662.0,4582038.666666667,136.33333333333334,3,1,0,5415968.0
M0030,2023-11,5415968,159,155,34062.69182389937,4385770.0,23.49,2.58,가맹점_30,뷰티,대구,급성장,419298.0,26663,15.73,정상,11,2023,4385770.0,4626784.0,4733562.0,4809507.333333333,142.66666666666666,3,1,0,5369874.0
M0030,2023-12,5369874,144,142,37290.791666666664,5415968.0,-0.85,1.41,가맹점_30,뷰티,대구,급성장,453799.0,31998,14.18,정상,12,2023,5415968.0,4385770.0,4626784.0,5057204.0,145.0,3,1,0,4485668.0
M0030,2024-01,4485668,124,124,36174.74193548387,5369874.0,-16.47,0.0,가맹점_30,뷰티,대구,급성장,434097.0,13382,32.44,정상,1,2024,5369874.0,5415968.0,4385770.0,5090503.333333333,142.33333333333334,3,1,0,4203115.0
M0030,2024-02,4203115,122,122,34451.762295081964,4485668.0,-6.3,0.0,가맹점_30,뷰티,대구,급성장,413421.0,14067,29.39,정상,2,2024,4485668.0,5369874.0,5415968.0,4686219.0,130.0,3,1,0,4892536.0
M0030,2024-03,4892536,134,132,36511.46268656717,4203115.0,16.4,1.52,가맹점_30,뷰티,대구,급성장,444797.0,19109,23.28,정상,3,2024,4203115.0,4485668.0,5369874.0,4527106.333333333,126.66666666666667,3,1,0,5565224.0
M0030,2024-04,5565224,157,151,35447.28662420382,4892536.0,13.75,3.97,가맹점_30,뷰티,대구,급성장,442255.0,11763,37.6,정상,4,2024,4892536.0,4203115.0,4485668.0,4886958.333333333,137.66666666666666,3,1,0,14473666.0
M0030,2024-05,14473666,159,157,91029.34591194968,5565224.0,160.07,1.27,가맹점_30,뷰티,대구,급성장,1106225.0,30244,36.58,revenue_spike,5,2024,5565224.0,4892536.0,4203115.0,8310475.333333333,150.0,3,1,0,6081430.0
M0030,2024-06,6081430,161,160,37772.857142857145,14473666.0,-57.98,0.62,가맹점_30,뷰티,대구,급성장,456085.0,26491,17.22,정상,6,2024,14473666.0,5565224.0,4892536.0,8706773.333333334,159.0,3,1,0,5615789.0
M0030,2024-07,5615789,150,146,37438.59333333333,6081430.0,-7.66,2.74,가맹점_30,뷰티,대구,급성장,461573.0,23304,19.81,정상,7,2024,6081430.0,14473666.0,5565224.0,8723628.333333334,156.66666666666666,3,1,0,6834897.0
M0030,2024-08,6834897,189,184,36163.47619047619,5615789.0,21.71,2.72,가맹점_30,뷰티,대구,급성장,445765.0,9031,49.36,정상,8,2024,5615789.0,6081430.0,14473666.0,6177372.0,166.66666666666666,3,1,0,7612220.0
M0030,2024-09,7612220,199,192,38252.36180904523,6834897.0,11.37,3.65,가맹점_30,뷰티,대구,급성장,475783.0,32046,14.85,정상,9,2024,6834897.0,5615789.0,6081430.0,6687635.333333333,179.33333333333334,3,1,0,7371987.0
M0030,2024-10,7371987,190,188,38799.93157894737,7612220.0,-3.16,1.06,가맹점_30,뷰티,대구,급성장,470535.0,18670,25.2,정상,10,2024,7612220.0,6834897.0,5615789.0,7273034.666666667,192.66666666666666,3,1,0,6502204.0
M0030,2024-11,6502204,163,159,39890.82208588957,7371987.0,-11.8,2.52,가맹점_30,뷰티,대구,급성장,490753.0,23886,20.55,정상,11,2024,7371987.0,7612220.0,6834897.0,7162137.0,184.0,3,1,0,8436708.0
M0030,2024-12,8436708,211,209,39984.398104265405,6502204.0,29.75,0.96,가맹점_30,뷰티,대구,급성장,484419.0,20152,24.04,정상,12,2024,6502204.0,7371987.0,7612220.0,7436966.333333333,188.0,3,1,0,6514170.0
M0030,2025-01,6514170,169,167,38545.38461538462,8436708.0,-22.79,1.2,가맹점_30,뷰티,대구,급성장,468095.0,19860,23.57,정상,1,2025,8436708.0,6502204.0,7371987.0,7151027.333333333,181.0,3,1,0,6118278.0
M0030,2025-02,6118278,158,154,38723.27848101266,6514170.0,-6.08,2.6,가맹점_30,뷰티,대구,급성장,476761.0,28729,16.6,정상,2,2025,6514170.0,8436708.0,6502204.0,7023052.0,179.33333333333334,3,1,0,12888290.0
M0030,2025-03,12888290,175,174,73647.37142857142,6118278.0,110.65,0.57,가맹점_30,뷰티,대구,급성장,888806.0,20745,42.84,aov_spike,3,2025,6118278.0,6514170.0,8436708.0,8506912.666666666,167.33333333333334,3,1,0,8406769.0
M0030,2025-04,8406769,201,196,41824.72139303482,12888290.0,-34.77,2.04,가맹점_30,뷰티,대구,급성장,512135.0,26247,19.51,정상,4,2025,12888290.0,6118278.0,6514170.0,9137779.0,178.0,3,1,0,6668559.0
M0030,2025-05,6668559,160,155,41678.49375,8406769.0,-20.68,3.23,가맹점_30,뷰티,대구,급성장,516297.0,29570,17.46,정상,5,2025,8406769.0,12888290.0,6118278.0,9321206.0,178.66666666666666,3,1,0,9045913.0
M0030,2025-06,9045913,226,220,40026.16371681416,6668559.0,35.65,2.73,가맹점_30,뷰티,대구,급성장,493427.0,18046,27.34,정상,6,2025,6668559.0,8406769.0,12888290.0,8040413.666666667,195.66666666666666,3,1,0,8620510.0
M0030,2025-07,8620510,202,200,42675.792079207924,9045913.0,-4.7,1.0,가맹점_30,뷰티,대구,급성장,517231.0,24421,21.18,정상,7,2025,9045913.0,6668559.0,8406769.0,8111660.666666667,196.0,3,1,0,10729246.0
M0030,2025-08,10729246,250,243,42916.984,8620510.0,24.46,2.88,가맹점_30,뷰티,대구,급성장,529836.0,24636,21.51,정상,8,2025,8620510.0,9045913.0,6668559.0,9465223.0,226.0,3,1,0,9215937.0
M0030,2025-09,9215937,209,206,44095.39234449761,10729246.0,-14.1,1.46,가맹점_30,뷰티,대구,급성장,536870.0,28490,18.84,정상,9,2025,10729246.0,8620510.0,9045913.0,9521897.666666666,220.33333333333334,3,1,0,9498136.0
M0030,2025-10,9498136,226,222,42027.150442477876,9215937.0,3.06,1.8,가맹점_30,뷰티,대구,급성장,513404.0,14896,34.47,정상,10,2025,9215937.0,10729246.0,8620510.0,9814439.666666666,228.33333333333334,3,1,0,9910251.0
M0030,2025-11,9910251,228,222,43466.01315789474,9498136.0,4.34,2.7,가맹점_30,뷰티,대구,급성장,535675.0,34954,15.33,정상,11,2025,9498136.0,9215937.0,10729246.0,9541441.333333334,221.0,3,1,0,22421707.0
M0030,2025-12,22421707,262,258,85579.03435114503,9910251.0,126.25,1.55,가맹점_30,뷰티,대구,급성장,1042866.0,16082,64.85,aov_spike,12,2025,9910251.0,9498136.0,9215937.0,13943364.666666666,238.66666666666666,3,1,0,
